{"gold_per_floor":[116,131,60,78,3,3,16,36,36,54,54,54,79,94,94,94],"floor_reached":16,"playtime":993,"items_purged":["HollowMod:NailStrikeStart"],"score":96,"play_id":"714508c6-983d-42cc-be00-f13726f3c914","local_time":"20190429003307","is_ascension_mode":false,"campfire_choices":[{"data":"HollowMod:MonarchWings","floor":6.0,"key":"SMITH"},{"data":"HollowMod:AbyssShriek","floor":11.0,"key":"SMITH"},{"data":"HollowMod:ShadowDash","floor":15.0,"key":"SMITH"}],"neow_cost":"NONE","seed_source_timestamp":0,"circlet_count":0,"master_deck":["HollowMod:NailStrikeStart","HollowMod:NailStrikeStart","HollowMod:NailStrikeStart","HollowMod:QuickDashStart","HollowMod:QuickDashStart","HollowMod:QuickDashStart","HollowMod:QuickDashStart","HollowMod:FocusHealStart","HollowMod:FocusHealStart","HollowMod:WraithStrike","HollowMod:CloakDash","HollowMod:MonarchWings+1","HollowMod:StalwartShell","HollowMod:DescendingDark","HollowMod:PogoStrike","HollowMod:AbyssShriek+1","Injury","HollowMod:DashSlash","HollowMod:ShadowDash+1"],"special_seed":0,"relics":["HollowMod:VesselMask","Bottled Flame","Golden Idol"],"potions_floor_usage":[16],"damage_taken":[{"damage":7.0,"enemies":"Cultist","floor":1.0,"turns":5.0},{"damage":12.0,"enemies":"Small Slimes","floor":2.0,"turns":3.0},{"damage":3.0,"enemies":"Jaw Worm","floor":4.0,"turns":5.0},{"damage":2.0,"enemies":"2 Fungi Beasts","floor":7.0,"turns":5.0},{"damage":0.0,"enemies":"Large Slime","floor":8.0,"turns":8.0},{"damage":3.0,"enemies":"Blue Slaver","floor":10.0,"turns":4.0},{"damage":0.0,"enemies":"3 Louse","floor":13.0,"turns":2.0},{"damage":0.0,"enemies":"Lots of Slimes","floor":14.0,"turns":1.0},{"damage":73,"enemies":"The Guardian","floor":16,"turns":8}],"seed_played":"-8093884468691034310","potions_obtained":[{"floor":4.0,"key":"SkillPotion"},{"floor":13.0,"key":"Fire Potion"}],"is_trial":false,"path_per_floor":["M","M","$","M","$","R","M","M","T","M","R","?","M","M","R","B"],"character_chosen":"THE_BUGKNIGHT","items_purchased":["HollowMod:MonarchWings"],"campfire_rested":0,"item_purchase_floors":[3],"current_hp_per_floor":[79,67,67,68,68,68,70,74,74,71,71,71,71,71,71,0],"gold":94,"neow_bonus":"TEN_PERCENT_HP_BONUS","is_prod":false,"is_daily":false,"chose_seed":false,"campfire_upgraded":3,"win_rate":0.0,"timestamp":1556515987,"path_taken":["M","M","$","M","?","R","M","M","T","M","R","?","M","M","R","BOSS"],"build_version":"2019-01-23","purchased_purges":1,"victory":false,"max_hp_per_floor":[82,82,82,82,82,82,82,82,82,82,82,82,82,82,82,82],"card_choices":[{"not_picked":["HollowMod:InfectedAttack","HollowMod:CloakDash"],"picked":"HollowMod:WraithStrike","floor":1.0},{"not_picked":["HollowMod:DoubleDash","HollowMod:MothsMistake"],"picked":"HollowMod:CloakDash","floor":2.0},{"not_picked":["HollowMod:HowlingWraiths","HollowMod:WraithStrike"],"picked":"HollowMod:StalwartShell","floor":4.0},{"not_picked":["HollowMod:ZotesMagnificence","HollowMod:ConfessorsAdvice"],"picked":"HollowMod:DescendingDark","floor":7.0},{"not_picked":["HollowMod:ThornsofAgony","HollowMod:MantisMark"],"picked":"HollowMod:PogoStrike","floor":8.0},{"not_picked":["HollowMod:LifebloodCocoon","HollowMod:ChannelNail"],"picked":"HollowMod:AbyssShriek","floor":10.0},{"not_picked":["HollowMod:ChannelNail","HollowMod:VengefulSpirit"],"picked":"HollowMod:DashSlash","floor":13.0},{"not_picked":["HollowMod:StalwartShell","HollowMod:CrystalDash"],"picked":"HollowMod:ShadowDash","floor":14.0}],"player_experience":255,"relics_obtained":[{"floor":9.0,"key":"Bottled Flame"}],"event_choices":[{"damage_healed":0.0,"max_hp_gain":0.0,"max_hp_loss":0.0,"gold_gain":0.0,"event_name":"Golden Idol","player_choice":"Take Wound","floor":12.0,"gold_loss":0.0,"damage_taken":0.0,"relics_obtained":["Golden Idol"],"cards_obtained":["Injury"]}],"is_beta":false,"boss_relics":[],"items_purged_floors":[5],"is_endless":false,"potions_floor_spawned":[4,13],"killed_by":"The Guardian","ascension_level":0}