{"gold_per_floor":[211,211,228,247,22,22,42,42,68,68,82,257,287,302,302,302],"floor_reached":16,"playtime":853,"items_purged":[],"score":92,"play_id":"e50e63a1-16e5-4530-beb6-7d3c2b9feb0b","local_time":"20190429084039","is_ascension_mode":false,"campfire_choices":[{"data":"HollowMod:SoulSplash","floor":6,"key":"SMITH"},{"data":"HollowMod:PureNailStrike","floor":8,"key":"SMITH"},{"floor":15,"key":"REST"}],"neow_cost":"NONE","seed_source_timestamp":0,"circlet_count":0,"master_deck":["HollowMod:NailStrikeStart","HollowMod:NailStrikeStart","HollowMod:NailStrikeStart","HollowMod:QuickDashStart","HollowMod:QuickDashStart","HollowMod:QuickDashStart","HollowMod:QuickDashStart","HollowMod:FocusHealStart","HollowMod:FocusHealStart","HollowMod:PureNailStrike+1","HollowMod:SoulSplash+1","HollowMod:MawleksShell+1","HollowMod:PerfectDash+1","HollowMod:BaldurShell","HollowMod:MonarchWings","Doubt","HollowMod:DoubleDash"],"special_seed":0,"relics":["HollowMod:VesselMask","Lantern","Ancient Tea Set","PreservedInsect"],"potions_floor_usage":[14,16,16,16],"damage_taken":[{"damage":3,"enemies":"2 Louse","floor":1,"turns":3},{"damage":0,"enemies":"Cultist","floor":3,"turns":3},{"damage":5,"enemies":"Small Slimes","floor":4,"turns":5},{"damage":12,"enemies":"Blue Slaver","floor":7,"turns":6},{"damage":15,"enemies":"Large Slime","floor":11,"turns":7},{"damage":39,"enemies":"Exordium Wildlife","floor":14,"turns":9},{"damage":50,"enemies":"Hexaghost","floor":16,"turns":16}],"seed_played":"6341435695943899025","potions_obtained":[{"floor":3,"key":"Poison Potion"},{"floor":4,"key":"Dexterity Potion"},{"floor":11,"key":"Regen Potion"},{"floor":14,"key":"GamblersBrew"}],"is_trial":false,"path_per_floor":["M","?","M","M","$","R","M","R","T","?","M","?","?","M","R","B"],"character_chosen":"THE_BUGKNIGHT","items_purchased":["HollowMod:BaldurShell","Lantern"],"campfire_rested":1,"item_purchase_floors":[5,5],"current_hp_per_floor":[75,75,75,73,73,73,65,65,65,50,39,39,39,19,41,0],"gold":302,"neow_bonus":"HUNDRED_GOLD","is_prod":false,"is_daily":false,"chose_seed":false,"campfire_upgraded":2,"win_rate":0.0,"timestamp":1556545239,"path_taken":["M","?","M","M","$","R","?","R","T","?","M","?","?","M","R","BOSS"],"build_version":"2019-01-23","purchased_purges":0,"victory":false,"max_hp_per_floor":[75,75,75,75,75,75,75,75,75,75,75,75,75,75,75,75],"card_choices":[{"not_picked":["HollowMod:ChannelNail","HollowMod:MantisMark"],"picked":"HollowMod:PureNailStrike","floor":1},{"not_picked":["HollowMod:TaintedHusks","HollowMod:StalwartShell"],"picked":"HollowMod:MawleksShell","floor":3},{"not_picked":["HollowMod:StalwartShell","HollowMod:MantisMark"],"picked":"HollowMod:PerfectDash","floor":4},{"not_picked":["HollowMod:StalwartShell","HollowMod:DescendingDark","HollowMod:VengefulVoid"],"picked":"SKIP","floor":7},{"not_picked":["HollowMod:FallenFury","HollowMod:DesolateDive"],"picked":"HollowMod:MonarchWings","floor":11},{"not_picked":["HollowMod:CrystalDash","HollowMod:LifebloodCore"],"picked":"HollowMod:DoubleDash","floor":14}],"player_experience":1248,"relics_obtained":[{"floor":9,"key":"Ancient Tea Set"}],"event_choices":[{"damage_healed":0,"gold_gain":0,"cards_transformed":["HollowMod:NailStrikeStart"],"player_choice":"Transformed","damage_taken":0,"max_hp_gain":0,"max_hp_loss":0,"event_name":"Transmorgrifier","floor":2,"gold_loss":0,"cards_obtained":["HollowMod:SoulSplash"]},{"damage_healed":0,"gold_gain":0,"player_choice":"Entered Light","damage_taken":15,"max_hp_gain":0,"max_hp_loss":0,"event_name":"Shining Light","floor":10,"gold_loss":0,"cards_upgraded":["HollowMod:MawleksShell","HollowMod:PerfectDash"]},{"damage_healed":0,"gold_gain":175,"player_choice":"AGREE","damage_taken":0,"max_hp_gain":0,"max_hp_loss":0,"event_name":"Liars Game","floor":12,"gold_loss":0,"cards_obtained":["Doubt"]},{"damage_healed":0,"gold_gain":30,"player_choice":"Searched \u00272\u0027 times","damage_taken":0,"relics_obtained":["PreservedInsect"],"max_hp_gain":0,"max_hp_loss":0,"event_name":"Dead Adventurer","floor":13,"gold_loss":0}],"is_beta":false,"boss_relics":[],"items_purged_floors":[],"is_endless":false,"potions_floor_spawned":[3,4,11,14],"killed_by":"Hexaghost","ascension_level":0}