{"gold_per_floor":[109,109,126,126,2,2,33,33],"floor_reached":8,"playtime":614,"items_purged":[],"score":109,"play_id":"6e7af921-d189-405d-a205-5cc82a007bf3","local_time":"20190526154521","is_ascension_mode":true,"campfire_choices":[{"data":"HollowMod:CornifersMapStart","floor":6.0,"key":"SMITH"}],"neow_cost":"NONE","seed_source_timestamp":0,"circlet_count":1,"master_deck":["HollowMod:NailStrikeStart","HollowMod:NailStrikeStart","HollowMod:NailStrikeStart","HollowMod:NailStrikeStart","HollowMod:QuickDashStart","HollowMod:QuickDashStart","HollowMod:QuickDashStart","HollowMod:QuickDashStart","HollowMod:FocusHealStart","HollowMod:CornifersMapStart+1","HollowMod:InfectedAttack+1","HollowMod:InfectedAttack+1","HollowMod:MawleksShell","HollowMod:BlackWings","HollowMod:ShadowDash+1","HollowMod:ShadowDash+1","HollowMod:ShadowDash+1","HollowMod:AbyssShriek","HollowMod:DescendingDark+1","HollowMod:SoulVessel+1","HollowMod:CloakDash+1","HollowMod:BlackWings"],"special_seed":0,"relics":["HollowMod:VesselMask","HollowMod:KingsBrand","HollowMod:LifeEnderRelic","HollowMod:StagPassRelic","Circlet","HollowMod:DelicateFlower","HollowMod:IsmasTear","HollowMod:MantisClawRelic","HollowMod:QueensCombRelic","Sundial"],"potions_floor_usage":[],"damage_taken":[{"damage":0.0,"enemies":"2 Louse","floor":1.0,"turns":2.0},{"damage":3.0,"enemies":"Small Slimes","floor":3.0,"turns":4.0},{"damage":0,"enemies":"HollowMod:MossKnight","floor":7,"turns":1},{"damage":41,"enemies":"Cultist","floor":8,"turns":6}],"seed_played":"-8723908301608073491","potions_obtained":[{"floor":1.0,"key":"LiquidBronze"}],"is_trial":false,"path_per_floor":["M","?","M","?","$","R","E","M"],"character_chosen":"THE_BUGKNIGHT","items_purchased":["HollowMod:DescendingDark","HollowMod:SoulVessel","HollowMod:CloakDash"],"campfire_rested":0,"item_purchase_floors":[5,5,5],"current_hp_per_floor":[82,75,72,82,82,82,82,0],"gold":33,"neow_bonus":"TEN_PERCENT_HP_BONUS","is_prod":false,"is_daily":false,"chose_seed":false,"campfire_upgraded":1,"win_rate":0,"timestamp":1558903521,"path_taken":["M","?","M","?","$","R","E","M"],"build_version":"2019-01-23","purchased_purges":0,"victory":false,"max_hp_per_floor":[82,82,82,82,82,82,41,41],"card_choices":[{"not_picked":["HollowMod:WraithStrike","HollowMod:SoulVessel"],"picked":"HollowMod:BlackWings","floor":1.0},{"not_picked":["HollowMod:DashSlash","HollowMod:SoulVessel"],"picked":"HollowMod:AbyssShriek","floor":3.0},{"not_picked":["HollowMod:ConfessorsAdvice","HollowMod:SoulSplash"],"picked":"HollowMod:BlackWings","floor":7}],"player_experience":34596,"relics_obtained":[{"floor":7,"key":"Sundial"}],"event_choices":[{"cards_removed":["HollowMod:InfectedAttack"],"damage_healed":0.0,"max_hp_gain":0.0,"max_hp_loss":0.0,"gold_gain":0.0,"event_name":"Golden Wing","player_choice":"Card Removal","floor":2.0,"gold_loss":0.0,"damage_taken":7.0},{"damage_healed":10.0,"max_hp_gain":0.0,"max_hp_loss":0.0,"gold_gain":0.0,"event_name":"Wheel of Change","player_choice":"Full Heal","floor":4.0,"gold_loss":0.0,"damage_taken":0.0}],"is_beta":false,"boss_relics":[],"items_purged_floors":[],"is_endless":false,"potions_floor_spawned":[1],"killed_by":"Cultist","ascension_level":1}