{"gold_per_floor":[115,134,134,5,71,103,103,119,119,119,148,48,83,98,98,202,202,220,319,332,343,357,357,386,386,386,401,418,452,452,464,464,568,568,586,586,601,616,633,633,652,652,679,704,704,722,737,762,762,762],"floor_reached":50,"playtime":4955,"items_purged":["HollowMod:DashSlash","HollowMod:SiblingsSouls"],"score":531,"play_id":"66bdb1fa-75b4-4992-bbb9-3d4d72034f63","local_time":"20190517000713","daily_mods":["SealedDeck"],"is_ascension_mode":false,"campfire_choices":[{"data":"HollowMod:ShadowDash","floor":7.0,"key":"SMITH"},{"data":"HollowMod:BlackTendrils","floor":10.0,"key":"SMITH"},{"data":"HollowMod:ShadowDash","floor":15.0,"key":"SMITH"},{"data":"HollowMod:VengefulVoid","floor":23.0,"key":"SMITH"},{"data":"HollowMod:SiblingsShadow","floor":25.0,"key":"SMITH"},{"data":"HollowMod:SharpenedShadows","floor":30.0,"key":"SMITH"},{"floor":32.0,"key":"DIG"},{"floor":40,"key":"DIG"},{"data":"HollowMod:BlackTendrils","floor":42,"key":"SMITH"},{"data":"HollowMod:LifebloodCore","floor":45,"key":"SMITH"},{"data":"HollowMod:MonarchWings","floor":49,"key":"SMITH"}],"neow_cost":"","seed_source_timestamp":0,"circlet_count":0,"master_deck":["HollowMod:AbyssShriek+1","HollowMod:FastStrike","HollowMod:ShadowDash+1","HollowMod:SiblingsShadow+1","HollowMod:ShadowDash+1","HollowMod:DescendingDark","HollowMod:VengefulVoid+1","HollowMod:WraithStrike+1","HollowMod:BlackTendrils+1","HollowMod:MantisMark+1","HollowMod:RecoilStrike+1","HollowMod:MonarchWings+1","HollowMod:PerfectDash","HollowMod:SharpenedShadows","HollowMod:SharpenedShadows+1","HollowMod:PogoStrike+1","HollowMod:BlackTendrils+1","HollowMod:LordofShades","HollowMod:ShadowDash","HollowMod:BlackTendrils+1","HollowMod:LifebloodCore+1"],"special_seed":0,"relics":["HollowMod:VesselMask","Shovel","Shuriken","Odd Mushroom","Bag of Marbles","Coffee Dripper","Smiling Mask","Ornamental Fan","Regal Pillow","Bottled Lightning","Philosopher\u0027s Stone","Lantern","Whetstone","Vajra","Centennial Puzzle"],"potions_floor_usage":[38,39,44,44,46],"damage_taken":[{"damage":0.0,"enemies":"Small Slimes","floor":1.0,"turns":1.0},{"damage":0.0,"enemies":"2 Louse","floor":2.0,"turns":1.0},{"damage":5.0,"enemies":"Gremlin Nob","floor":6.0,"turns":3.0},{"damage":0.0,"enemies":"Jaw Worm","floor":8.0,"turns":2.0},{"damage":14.0,"enemies":"The Mushroom Lair","floor":11.0,"turns":2.0},{"damage":24.0,"enemies":"3 Sentries","floor":13.0,"turns":6.0},{"damage":0.0,"enemies":"2 Fungi Beasts","floor":14.0,"turns":1.0},{"damage":0.0,"enemies":"Slime Boss","floor":16.0,"turns":5.0},{"damage":23.0,"enemies":"2 Thieves","floor":18.0,"turns":2.0},{"damage":0.0,"enemies":"Spheric Guardian","floor":20.0,"turns":3.0},{"damage":2.0,"enemies":"Snecko","floor":21.0,"turns":3.0},{"damage":7.0,"enemies":"Cultist and Chosen","floor":22.0,"turns":3.0},{"damage":9.0,"enemies":"Slavers","floor":24.0,"turns":2.0},{"damage":4.0,"enemies":"3 Cultists","floor":27.0,"turns":3.0},{"damage":24.0,"enemies":"Sentry and Sphere","floor":28.0,"turns":4.0},{"damage":0.0,"enemies":"Gremlin Leader","floor":29.0,"turns":3.0},{"damage":29.0,"enemies":"Snake Plant","floor":31.0,"turns":2.0},{"damage":34.0,"enemies":"HollowMod:NKGrimm","floor":33.0,"turns":6.0},{"damage":45.0,"enemies":"Orb Walker","floor":35.0,"turns":3.0},{"damage":3,"enemies":"3 Shapes","floor":37,"turns":1},{"damage":40,"enemies":"3 Darklings","floor":38,"turns":3},{"damage":16,"enemies":"Sphere and 2 Shapes","floor":39,"turns":3},{"damage":1,"enemies":"4 Shapes","floor":41,"turns":2},{"damage":4,"enemies":"Giant Head","floor":44,"turns":5},{"damage":57,"enemies":"3 Darklings","floor":46,"turns":4},{"damage":14,"enemies":"Maw","floor":47,"turns":5},{"damage":50,"enemies":"Reptomancer","floor":48,"turns":4},{"damage":78,"enemies":"HollowMod:Radiance","floor":50,"turns":5}],"seed_played":"3464371319187902560","potions_obtained":[{"floor":1.0,"key":"Fire Potion"},{"floor":6.0,"key":"FearPotion"},{"floor":11.0,"key":"Fire Potion"},{"floor":18.0,"key":"SteroidPotion"},{"floor":24.0,"key":"Energy Potion"},{"floor":33.0,"key":"Fruit Juice"},{"floor":38,"key":"Fire Potion"},{"floor":39,"key":"Block Potion"},{"floor":41,"key":"SteroidPotion"},{"floor":47,"key":"Fire Potion"}],"is_trial":true,"path_per_floor":["M","M","?","$","?","E","R","M","T","R","?","$","E","M","R","B",null,"M","?","M","M","M","R","E","R","T","M","M","E","R","M","R","B",null,"M","?","M","M","M","R","M","R","T","E","R","M","M","E","R","B"],"character_chosen":"THE_BUGKNIGHT","items_purchased":["HollowMod:RecoilStrike"],"campfire_rested":0,"item_purchase_floors":[4],"current_hp_per_floor":[75,75,60,60,60,65,65,73,73,73,59,59,47,47,47,63,75,52,52,68,73,66,66,71,71,71,75,69,75,75,46,46,41,80,46,51,48,17,13,13,18,18,18,59,59,37,52,31,31,0],"gold":762,"neow_bonus":"","is_prod":false,"is_daily":false,"chose_seed":false,"campfire_upgraded":9,"win_rate":0.0,"timestamp":1558069633,"path_taken":["M","M","?","$","?","E","R","M","T","R","?","$","E","?","R","BOSS","M","?","M","M","M","R","E","R","T","M","M","E","R","M","R","BOSS","M","?","M","M","M","R","M","R","T","E","R","?","M","E","R","BOSS"],"build_version":"2019-01-23","purchased_purges":2,"victory":false,"max_hp_per_floor":[75,75,75,75,75,75,75,75,75,75,75,75,75,75,75,75,75,75,75,75,75,75,75,75,75,75,75,75,75,75,75,75,80,80,80,80,80,80,80,80,80,80,80,80,80,80,80,80,80,80],"card_choices":[{"not_picked":["HollowMod:WraithStrike","HollowMod:GreatSlash"],"picked":"HollowMod:MantisMark","floor":1.0},{"not_picked":["HollowMod:TaintedHusks","HollowMod:InfectedAttack","HollowMod:ConfessorsAdvice"],"picked":"SKIP","floor":2.0},{"not_picked":["HollowMod:DreamGate","HollowMod:InfectedAttack"],"picked":"HollowMod:MonarchWings","floor":6.0},{"not_picked":["HollowMod:HowlingWraiths","HollowMod:ChannelNail"],"picked":"HollowMod:PerfectDash","floor":8.0},{"not_picked":["HollowMod:InfectedAttack","HollowMod:HowlingWraiths","HollowMod:HeavyBlow"],"picked":"SKIP","floor":13.0},{"not_picked":["HollowMod:FallenFury","HollowMod:VengefulVoid"],"picked":"HollowMod:SharpenedShadows","floor":14.0},{"not_picked":["HollowMod:theNailsmith","HollowMod:ZotesMagnificence"],"picked":"HollowMod:SharpenedShadows","floor":16.0},{"not_picked":["HollowMod:MantisMark","HollowMod:DashSlash","HollowMod:TaintedHusks"],"picked":"SKIP","floor":18.0},{"not_picked":["HollowMod:SoulTotem","HollowMod:DesolateDive+1","HollowMod:LifebloodCocoon"],"picked":"SKIP","floor":20.0},{"not_picked":["HollowMod:MothsMistake+1","HollowMod:FallenFury+1","HollowMod:HowlingWraiths+1"],"picked":"SKIP","floor":21.0},{"not_picked":["HollowMod:TaintedHusks","HollowMod:PerfectDash"],"picked":"HollowMod:PogoStrike+1","floor":22.0},{"not_picked":["HollowMod:FastStrike+1","HollowMod:CoiledNail"],"picked":"HollowMod:BlackTendrils+1","floor":24.0},{"not_picked":["HollowMod:SharpenedNail","HollowMod:Hiveblood","HollowMod:CycloneSlash"],"picked":"SKIP","floor":27.0},{"not_picked":["HollowMod:SoulTotem+1","HollowMod:PureNailStrike","HollowMod:SoulVessel"],"picked":"SKIP","floor":28.0},{"not_picked":["HollowMod:DoubleDash","HollowMod:HeavyBlow","HollowMod:DungDefenderAura"],"picked":"SKIP","floor":29.0},{"not_picked":["HollowMod:MantisMark","HollowMod:DashSlash+1","HollowMod:CycloneSlash"],"picked":"SKIP","floor":31.0},{"not_picked":["HollowMod:SlysStrikes","HollowMod:AwokenDreamNail"],"picked":"HollowMod:LordofShades","floor":33.0},{"not_picked":["HollowMod:SharpenedNail","HollowMod:SoulTotem"],"picked":"HollowMod:DoubleDash+1","floor":35.0},{"not_picked":["HollowMod:SoulSplash+1","HollowMod:MantisMark"],"picked":"HollowMod:ShadowDash","floor":37},{"not_picked":["HollowMod:TaintedHusks","HollowMod:QuirrelsAssistance+1"],"picked":"HollowMod:BlackTendrils","floor":38},{"not_picked":["HollowMod:ConfessorsAdvice+1","HollowMod:LordofShades","HollowMod:HeavyBlow"],"picked":"SKIP","floor":39},{"not_picked":["HollowMod:ChannelNail","HollowMod:SoulTotem+1","HollowMod:WraithStrike+1"],"picked":"SKIP","floor":41},{"not_picked":["HollowMod:TaintedHusks","HollowMod:RecoilStrike"],"picked":"HollowMod:LifebloodCore","floor":44},{"not_picked":["HollowMod:DashSlash","HollowMod:SoulVessel+1","HollowMod:MawleksShell+1"],"picked":"SKIP","floor":46},{"not_picked":["HollowMod:DungDefenderAura+1","HollowMod:ShadowDash","HollowMod:InfectedAttack+1"],"picked":"SKIP","floor":47},{"not_picked":["HollowMod:AbyssShriek","HollowMod:DesolateDive","HollowMod:MawleksShell"],"picked":"SKIP","floor":48}],"player_experience":2786,"relics_obtained":[{"floor":6.0,"key":"Shovel"},{"floor":9.0,"key":"Shuriken"},{"floor":11.0,"key":"Odd Mushroom"},{"floor":13.0,"key":"Bag of Marbles"},{"floor":24.0,"key":"Smiling Mask"},{"floor":26.0,"key":"Ornamental Fan"},{"floor":29.0,"key":"Regal Pillow"},{"floor":32.0,"key":"Bottled Lightning"},{"floor":40,"key":"Lantern"},{"floor":43,"key":"Whetstone"},{"floor":44,"key":"Vajra"},{"floor":48,"key":"Centennial Puzzle"}],"event_choices":[{"damage_healed":0.0,"max_hp_gain":0.0,"max_hp_loss":0.0,"gold_gain":0.0,"event_name":"Shining Light","player_choice":"Entered Light","floor":3.0,"gold_loss":0.0,"damage_taken":15.0,"cards_upgraded":["HollowMod:WraithStrike","HollowMod:MantisMark"]},{"damage_healed":0.0,"max_hp_gain":0.0,"max_hp_loss":0.0,"gold_gain":66.0,"event_name":"Golden Wing","player_choice":"Gained Gold","floor":5.0,"gold_loss":0.0,"damage_taken":0.0},{"damage_healed":0.0,"max_hp_gain":0.0,"max_hp_loss":0.0,"gold_gain":0.0,"event_name":"Mushrooms","player_choice":"Fought Mushrooms","floor":11.0,"gold_loss":0.0,"damage_taken":0.0},{"damage_healed":0.0,"max_hp_gain":0.0,"max_hp_loss":0.0,"gold_gain":99.0,"event_name":"Nest","player_choice":"Stole From Cult","floor":19.0,"gold_loss":0.0,"damage_taken":0.0},{"cards_removed":["HollowMod:DoubleDash"],"damage_healed":5,"gold_gain":0,"player_choice":"Offered Common","damage_taken":0,"max_hp_gain":0,"max_hp_loss":0,"event_name":"Bonfire Elementals","floor":36,"gold_loss":0},{"cards_removed":["HollowMod:DoubleDash"],"damage_healed":5,"gold_gain":0,"player_choice":"Offered Special","damage_taken":0,"max_hp_gain":0,"max_hp_loss":0,"event_name":"Bonfire Elementals","floor":36,"gold_loss":0}],"is_beta":false,"boss_relics":[{"not_picked":["Snecko Eye","Astrolabe"],"picked":"Coffee Dripper"},{"not_picked":["Cursed Key","Black Star"],"picked":"Philosopher\u0027s Stone"}],"items_purged_floors":[4,12],"is_endless":false,"potions_floor_spawned":[1,6,11,18,22,24,28,29,33,38,39,41,47],"killed_by":"HollowMod:Radiance","ascension_level":0}