{"gold_per_floor":[113,132,143,93,109,109,109],"floor_reached":7,"playtime":428,"items_purged":[],"score":96,"play_id":"d26aa82e-120a-4ff3-acf7-50c5f401e0a2","local_time":"20190522203410","is_ascension_mode":true,"campfire_choices":[{"data":"HollowMod:VengefulVoid","floor":6,"key":"SMITH"}],"neow_cost":"NONE","seed_source_timestamp":336180107565865,"circlet_count":0,"master_deck":["HollowMod:NailStrikeStart","HollowMod:NailStrikeStart","HollowMod:NailStrikeStart","HollowMod:NailStrikeStart","HollowMod:QuickDashStart","HollowMod:QuickDashStart","HollowMod:QuickDashStart","HollowMod:FocusHealStart","HollowMod:CornifersMapStart","HollowMod:VengefulVoid+1","HollowMod:HeavyBlow","HollowMod:CloakDash","HollowMod:VengefulSpirit","HollowMod:VengefulSpirit","HollowMod:VengefulSpirit","HollowMod:VengefulSpirit","HollowMod:VengefulSpirit","HollowMod:VengefulSpirit","HollowMod:VengefulSpirit","HollowMod:HowlingWraiths"],"relics":["HollowMod:VesselMask"],"potions_floor_usage":[],"damage_taken":[{"damage":15,"enemies":"Small Slimes","floor":1,"turns":2},{"damage":0,"enemies":"2 Louse","floor":2,"turns":1},{"damage":15,"enemies":"Cultist","floor":3,"turns":4},{"damage":15,"enemies":"3 Louse","floor":5,"turns":2},{"damage":26,"enemies":"3 Sentries","floor":7,"turns":4}],"seed_played":"-1129435195910548946","potions_obtained":[{"floor":2,"key":"PowerPotion"},{"floor":3,"key":"EssenceOfSteel"}],"is_trial":false,"path_per_floor":["M","M","M","?","M","R","E"],"character_chosen":"THE_BUGKNIGHT","items_purchased":[],"campfire_rested":0,"item_purchase_floors":[],"current_hp_per_floor":[67,67,52,52,37,37,11],"gold":109,"neow_bonus":"TEN_PERCENT_HP_BONUS","is_prod":false,"is_daily":false,"chose_seed":false,"campfire_upgraded":1,"win_rate":0,"timestamp":1558575250,"path_taken":["M","M","M","?","M","R","E"],"build_version":"2019-01-23","purchased_purges":0,"victory":false,"max_hp_per_floor":[82,82,82,82,82,82,82],"card_choices":[{"not_picked":["HollowMod:DungDefenderAura","HollowMod:ThornsofAgony"],"picked":"HollowMod:VengefulVoid","floor":1},{"not_picked":["HollowMod:BaldurShell","HollowMod:MothsMistake"],"picked":"HollowMod:HeavyBlow","floor":2},{"not_picked":["HollowMod:DashSlash","HollowMod:SoulSplash"],"picked":"HollowMod:CloakDash","floor":3},{"not_picked":["HollowMod:CrystalDash","HollowMod:ConfessorsAdvice"],"picked":"HollowMod:HowlingWraiths","floor":5}],"player_experience":17333,"relics_obtained":[],"event_choices":[{"cards_removed":["HollowMod:QuickDashStart"],"damage_healed":0,"gold_gain":0,"player_choice":"Card Removal","damage_taken":0,"max_hp_gain":0,"max_hp_loss":0,"event_name":"The Cleric","floor":4,"gold_loss":50}],"is_beta":false,"boss_relics":[],"items_purged_floors":[],"is_endless":false,"potions_floor_spawned":[2,3],"killed_by":"3 Sentries","ascension_level":1}