{"gold_per_floor":[113,127,144,1,1,1,12,12,59,59,72,72,34,66,66,66],"floor_reached":16,"playtime":1691,"items_purged":[],"score":100,"play_id":"8c048598-48b2-461f-a766-dbc3de254c87","local_time":"20190523003119","daily_mods":["SealedDeck"],"is_ascension_mode":false,"campfire_choices":[{"data":"HollowMod:GoodIntentions","floor":6,"key":"SMITH"},{"data":"HollowMod:ChannelNail","floor":8,"key":"SMITH"},{"data":"HollowMod:RecoilStrike","floor":12,"key":"SMITH"},{"floor":15,"key":"REST"}],"neow_cost":"","seed_source_timestamp":0,"circlet_count":0,"master_deck":["HollowMod:RecoilStrike+1","HollowMod:BaldurShell","HollowMod:ChannelNail+1","HollowMod:CrystalDash","HollowMod:GoodIntentions","HollowMod:DashSlash","HollowMod:MothsMistake","HollowMod:TaintedHusks","HollowMod:InfectedAttack","HollowMod:InfectedAttack","HollowMod:GoodIntentions+1","HollowMod:GoodIntentions","HollowMod:MawleksShell","HollowMod:PogoStrike"],"special_seed":0,"relics":["HollowMod:VesselMask","Anchor","Art of War","Oddly Smooth Stone"],"potions_floor_usage":[7,16],"damage_taken":[{"damage":5,"enemies":"Jaw Worm","floor":1,"turns":4},{"damage":8,"enemies":"Small Slimes","floor":2,"turns":5},{"damage":8,"enemies":"2 Louse","floor":3,"turns":3},{"damage":4,"enemies":"HollowMod:HuskWarrior","floor":7,"turns":8},{"damage":0,"enemies":"Looter","floor":11,"turns":4},{"damage":24,"enemies":"3 Sentries","floor":14,"turns":8},{"damage":48,"enemies":"HollowMod:FalseKnight","floor":16,"turns":10}],"seed_played":"-4587014754539762060","potions_obtained":[{"floor":3,"key":"PowerPotion"},{"floor":11,"key":"LiquidBronze"},{"floor":14,"key":"GamblersBrew"}],"is_trial":true,"path_per_floor":["M","M","M","$","?","R","M","R","T","$","M","R","$","E","R","B"],"character_chosen":"THE_BUGKNIGHT","items_purchased":["Anchor","HollowMod:MawleksShell"],"campfire_rested":1,"item_purchase_floors":[4,13],"current_hp_per_floor":[70,62,54,54,51,51,47,47,47,47,47,47,47,23,45,0],"gold":66,"neow_bonus":"","is_prod":false,"is_daily":false,"chose_seed":false,"campfire_upgraded":3,"win_rate":0,"timestamp":1558589479,"path_taken":["M","M","M","$","?","R","M","R","T","$","M","R","$","E","R","BOSS"],"build_version":"2019-01-23","purchased_purges":0,"victory":false,"max_hp_per_floor":[75,75,75,75,75,75,75,75,75,75,75,75,75,75,75,75],"card_choices":[{"not_picked":["HollowMod:SoulVessel","HollowMod:AbyssShriek","HollowMod:CrystalDash"],"picked":"SKIP","floor":1},{"not_picked":["HollowMod:DesolateDive","HollowMod:VengefulVoid"],"picked":"HollowMod:GoodIntentions","floor":2},{"not_picked":["HollowMod:TaintedHusks","HollowMod:SharpenedNail","HollowMod:SoulSplash"],"picked":"SKIP","floor":3},{"not_picked":["HollowMod:CloakDash","HollowMod:DungDefenderAura","HollowMod:LifebloodHeart"],"picked":"SKIP","floor":7},{"not_picked":["HollowMod:ShadowDash","HollowMod:DreamGate"],"picked":"HollowMod:GoodIntentions","floor":11},{"not_picked":["HollowMod:MidwifesHunger","HollowMod:DashSlash"],"picked":"HollowMod:PogoStrike","floor":14}],"player_experience":20755,"relics_obtained":[{"floor":9,"key":"Oddly Smooth Stone"}],"event_choices":[{"damage_healed":0,"gold_gain":0,"player_choice":"Success","damage_taken":3,"relics_obtained":["Art of War"],"max_hp_gain":0,"max_hp_loss":0,"event_name":"Scrap Ooze","floor":5,"gold_loss":0}],"is_beta":false,"boss_relics":[],"items_purged_floors":[],"is_endless":false,"potions_floor_spawned":[3,11,14],"killed_by":"HollowMod:FalseKnight","ascension_level":0}