{"gold_per_floor":[116,131,145,163,180,215,215,215,269,284,303,273],"floor_reached":12,"playtime":984,"items_purged":[],"score":84,"play_id":"e7b5095e-bb45-4f17-ba43-dbe6cc3a26d1","local_time":"20190522225148","daily_mods":["SealedDeck"],"is_ascension_mode":false,"campfire_choices":[{"data":"HollowMod:BaldurShell","floor":8,"key":"SMITH"}],"neow_cost":"","seed_source_timestamp":0,"circlet_count":0,"master_deck":["HollowMod:MantisMark","HollowMod:ChannelNail","HollowMod:SoulStrike","HollowMod:PogoStrike","HollowMod:VengefulSpirit","HollowMod:SoulVessel","HollowMod:GoodIntentions","HollowMod:SoulSplash","HollowMod:HowlingWraiths","HollowMod:BaldurShell+1","HollowMod:CycloneSlash","HollowMod:CloakDash","HollowMod:SoulEater","HollowMod:DoubleDash","HollowMod:SoulStrike","HollowMod:PogoStrike","HollowMod:GoodIntentions"],"special_seed":0,"relics":["HollowMod:VesselMask","Bottled Lightning","Strawberry"],"potions_floor_usage":[12],"damage_taken":[{"damage":0.0,"enemies":"Cultist","floor":1.0,"turns":3.0},{"damage":8.0,"enemies":"HollowMod:HuskWarrior","floor":2.0,"turns":4.0},{"damage":2.0,"enemies":"Jaw Worm","floor":3.0,"turns":2.0},{"damage":16.0,"enemies":"Exordium Thugs","floor":4.0,"turns":4.0},{"damage":16,"enemies":"Large Slime","floor":5,"turns":6},{"damage":17,"enemies":"Gremlin Nob","floor":6,"turns":4},{"damage":6,"enemies":"Exordium Wildlife","floor":10,"turns":2},{"damage":10,"enemies":"Looter","floor":11,"turns":2},{"damage":15,"enemies":"Exordium Thugs","floor":12,"turns":2}],"seed_played":"2206005558660944923","potions_obtained":[{"floor":1.0,"key":"AttackPotion"},{"floor":6,"key":"SpeedPotion"},{"floor":10,"key":"GamblersBrew"}],"is_trial":true,"path_per_floor":["M","M","M","M","M","E","?","R","T","M","M","M"],"character_chosen":"THE_BUGKNIGHT","items_purchased":[],"campfire_rested":0,"item_purchase_floors":[],"current_hp_per_floor":[75,67,65,49,33,16,16,16,23,17,7,0],"gold":273,"neow_bonus":"","is_prod":false,"is_daily":false,"chose_seed":false,"campfire_upgraded":1,"win_rate":0,"timestamp":1558583508,"path_taken":["M","M","M","M","M","E","?","R","T","M","M","M"],"build_version":"2019-01-23","purchased_purges":0,"victory":false,"max_hp_per_floor":[75,75,75,75,75,75,75,75,82,82,82,82],"card_choices":[{"not_picked":["HollowMod:SharpenedNail","HollowMod:TaintedHusks"],"picked":"HollowMod:BaldurShell","floor":1.0},{"not_picked":["HollowMod:DescendingDark","HollowMod:LifebloodCocoon"],"picked":"HollowMod:CycloneSlash","floor":2.0},{"not_picked":["HollowMod:LifebloodCocoon","HollowMod:ZotesMagnificence"],"picked":"HollowMod:CloakDash","floor":3.0},{"not_picked":["HollowMod:MantisMark","HollowMod:SoulSplash"],"picked":"HollowMod:SoulEater","floor":4.0},{"not_picked":["HollowMod:DungDefenderAura","HollowMod:SiblingsShadow"],"picked":"HollowMod:DoubleDash","floor":5},{"not_picked":["HollowMod:ShadowDash","HollowMod:HuntersJournal"],"picked":"HollowMod:SoulStrike","floor":6},{"not_picked":["HollowMod:GrimmsGift","HollowMod:CycloneSlash"],"picked":"HollowMod:PogoStrike","floor":10},{"not_picked":["HollowMod:DoubleDash","HollowMod:SoulStrike"],"picked":"HollowMod:GoodIntentions","floor":11}],"player_experience":19771,"relics_obtained":[{"floor":6,"key":"Bottled Lightning"},{"floor":9,"key":"Strawberry"}],"event_choices":[{"cards_removed":["HollowMod:SoulSplash"],"damage_healed":0,"gold_gain":0,"player_choice":"Purged","damage_taken":0,"max_hp_gain":0,"max_hp_loss":0,"event_name":"Purifier","floor":7,"gold_loss":0}],"is_beta":false,"boss_relics":[],"items_purged_floors":[],"is_endless":false,"potions_floor_spawned":[1,6,10],"killed_by":"Exordium Thugs","ascension_level":0}