{"gold_per_floor":[112,112,131,131,57,57,91,91,118,134,153,167,167,167,167,264,264,283,383,383,271,288,288,288,299,322,139,154,164,263,273,273,375,375,391,67,81,96,96],"floor_reached":39,"playtime":2737,"items_purged":["HollowMod:GreatSlash","HollowMod:NailStrikeStart","HollowMod:NailStrikeStart"],"score":258,"play_id":"7a1d44ec-6dca-450a-a04f-6eecc3b48b78","local_time":"20190524231347","is_ascension_mode":false,"campfire_choices":[{"data":"HollowMod:FastStrike","floor":6.0,"key":"SMITH"},{"data":"HollowMod:LifebloodHeart","floor":8.0,"key":"SMITH"},{"data":"HollowMod:GrimmsGift","floor":13.0,"key":"SMITH"},{"data":"Iron Wave","floor":15.0,"key":"SMITH"},{"floor":23.0,"key":"REST"},{"floor":32.0,"key":"REST"}],"neow_cost":"NONE","seed_source_timestamp":0,"circlet_count":0,"master_deck":["HollowMod:NailStrikeStart","HollowMod:QuickDashStart","HollowMod:QuickDashStart","HollowMod:QuickDashStart","HollowMod:FocusHealStart","HollowMod:CornifersMapStart","HollowMod:GreatSlash+1","Iron Wave+1","HollowMod:FastStrike+1","HollowMod:LifebloodHeart+1","HollowMod:HeavyBlow","HollowMod:GrimmsGift+1","HollowMod:LifebloodCore","HollowMod:GreatSlash","HollowMod:theNailsmith","HollowMod:CoiledNail","HollowMod:ChannelNail+1","HollowMod:PerfectDash","HollowMod:PogoStrike","HollowMod:CloakDash+1","HollowMod:LifebloodCore","HollowMod:MantisMark","HollowMod:RecoilStrike+1"],"special_seed":0,"relics":["HollowMod:VesselMask","NeowsBlessing","Potion Belt","Ancient Tea Set","Philosopher\u0027s Stone","Mummified Hand","Peace Pipe","Anchor","Sozu","ClockworkSouvenir"],"potions_floor_usage":[33,33,38],"damage_taken":[{"damage":0.0,"enemies":"Jaw Worm","floor":1.0,"turns":1.0},{"damage":0.0,"enemies":"Cultist","floor":3.0,"turns":1.0},{"damage":0.0,"enemies":"3 Sentries","floor":7.0,"turns":1.0},{"damage":0.0,"enemies":"Small Slimes","floor":10.0,"turns":2.0},{"damage":0.0,"enemies":"Exordium Wildlife","floor":11.0,"turns":1.0},{"damage":0.0,"enemies":"Large Slime","floor":12.0,"turns":4.0},{"damage":52.0,"enemies":"HollowMod:FalseKnight","floor":16.0,"turns":11.0},{"damage":0.0,"enemies":"3 Byrds","floor":18.0,"turns":4.0},{"damage":2.0,"enemies":"Colosseum Slavers","floor":19.0,"turns":2.0},{"damage":59.0,"enemies":"Colosseum Nobs","floor":19.0,"turns":5.0},{"damage":1.0,"enemies":"Chosen","floor":22.0,"turns":3.0},{"damage":28.0,"enemies":"Snecko","floor":25.0,"turns":6.0},{"damage":0.0,"enemies":"3 Cultists","floor":28.0,"turns":4.0},{"damage":0.0,"enemies":"Chosen and Byrds","floor":29.0,"turns":3.0},{"damage":7.0,"enemies":"Snake Plant","floor":31.0,"turns":4.0},{"damage":17,"enemies":"HollowMod:NKGrimm","floor":33,"turns":13},{"damage":0,"enemies":"3 Darklings","floor":35,"turns":3},{"damage":4,"enemies":"Orb Walker","floor":37,"turns":4},{"damage":19,"enemies":"Sphere and 2 Shapes","floor":38,"turns":5},{"damage":81,"enemies":"2 Orb Walkers","floor":39,"turns":6}],"seed_played":"4568938385130134603","potions_obtained":[{"floor":3.0,"key":"Fire Potion"},{"floor":10.0,"key":"Fire Potion"},{"floor":11.0,"key":"Fire Potion"},{"floor":12.0,"key":"SpeedPotion"},{"floor":18.0,"key":"SkillPotion"},{"floor":19.0,"key":"LiquidBronze"},{"floor":25.0,"key":"Energy Potion"},{"floor":31.0,"key":"Dexterity Potion"},{"floor":33,"key":"GamblersBrew"}],"is_trial":false,"path_per_floor":["M","?","M","?","$","R","E","R","T","M","M","M","R","?","R","B",null,"M","?","?","$","M","R","?","M","T","$","M","M","?","M","R","B",null,"M","$","M","M","?"],"character_chosen":"THE_BUGKNIGHT","items_purchased":["HollowMod:FastStrike","HollowMod:CoiledNail","HollowMod:PerfectDash","HollowMod:PogoStrike","ClockworkSouvenir"],"campfire_rested":2,"item_purchase_floors":[5,21,27,27,36],"current_hp_per_floor":[75,75,75,75,75,75,75,75,75,75,75,75,75,75,75,23,75,75,14,14,14,19,41,41,13,13,13,13,19,19,18,40,29,75,75,75,75,62,0],"gold":96,"neow_bonus":"THREE_ENEMY_KILL","is_prod":false,"is_daily":false,"chose_seed":false,"campfire_upgraded":4,"win_rate":0,"timestamp":1558757627,"path_taken":["M","?","M","?","$","R","E","R","T","M","?","M","R","?","R","BOSS","M","?","?","?","M","R","?","M","T","$","M","M","?","M","R","BOSS","M","$","M","M","?"],"build_version":"2019-01-23","purchased_purges":3,"victory":false,"max_hp_per_floor":[75,75,75,75,75,75,75,75,75,75,75,75,75,75,75,75,75,75,75,75,75,75,75,75,75,75,75,75,75,75,75,75,75,75,75,75,75,75,75],"card_choices":[{"not_picked":["HollowMod:HowlingWraiths","HollowMod:DescendingDark"],"picked":"HollowMod:GreatSlash","floor":1.0},{"not_picked":["HollowMod:GoodIntentions","HollowMod:SharpenedNail"],"picked":"HollowMod:PogoStrike","floor":3.0},{"not_picked":["HollowMod:DesolateDive","HollowMod:ShadowDash"],"picked":"HollowMod:LifebloodHeart","floor":7.0},{"not_picked":["HollowMod:SoulVessel","HollowMod:HowlingWraiths"],"picked":"HollowMod:HeavyBlow","floor":10.0},{"not_picked":["HollowMod:TaintedHusks","HollowMod:SoulVessel","HollowMod:BrokenVessel"],"picked":"SKIP","floor":11.0},{"not_picked":["HollowMod:AbyssShriek","HollowMod:TaintedHusks"],"picked":"HollowMod:GrimmsGift","floor":12.0},{"not_picked":["HollowMod:MidwifesHunger","HollowMod:SharpenedShadows"],"picked":"HollowMod:LifebloodCore","floor":16.0},{"not_picked":["HollowMod:FallenFury","HollowMod:HeavyBlow","HollowMod:AbyssShriek+1"],"picked":"SKIP","floor":18.0},{"not_picked":["HollowMod:DoubleDash+1","HollowMod:SiblingsShadow"],"picked":"HollowMod:GreatSlash","floor":19.0},{"not_picked":["HollowMod:TaintedHusks","HollowMod:CloakDash"],"picked":"HollowMod:ChannelNail+1","floor":22.0},{"not_picked":["HollowMod:RecoilStrike","HollowMod:GrimmsGift+1","HollowMod:DescendingDark"],"picked":"SKIP","floor":25.0},{"not_picked":["HollowMod:InfectionAssault","HollowMod:DescendingDark","HollowMod:GoodIntentions"],"picked":"SKIP","floor":28.0},{"not_picked":["HollowMod:DungDefenderAura","HollowMod:AwokenDreamNail"],"picked":"HollowMod:CloakDash+1","floor":29.0},{"not_picked":["HollowMod:WraithStrike","HollowMod:ShapeofUnn","HollowMod:CloakDash"],"picked":"SKIP","floor":31.0},{"not_picked":["HollowMod:AwokenDreamNail","HollowMod:BrokenVessel"],"picked":"HollowMod:LifebloodCore","floor":33},{"not_picked":["HollowMod:DungDefenderAura","HollowMod:TaintedHusks","HollowMod:InfectedAttack+1"],"picked":"SKIP","floor":35},{"not_picked":["HollowMod:HeavyBlow+1","HollowMod:DescendingDark"],"picked":"HollowMod:MantisMark","floor":37},{"not_picked":["HollowMod:LifebloodHeart","HollowMod:HeavyBlow"],"picked":"HollowMod:RecoilStrike+1","floor":38}],"player_experience":25208,"relics_obtained":[{"floor":7.0,"key":"Potion Belt"},{"floor":9.0,"key":"Ancient Tea Set"},{"floor":19.0,"key":"Mummified Hand"},{"floor":19.0,"key":"Peace Pipe"},{"floor":26.0,"key":"Anchor"}],"event_choices":[{"damage_healed":0.0,"max_hp_gain":0.0,"max_hp_loss":0.0,"gold_gain":0.0,"event_name":"Living Wall","player_choice":"Grow","floor":2.0,"gold_loss":0.0,"damage_taken":0.0,"cards_upgraded":["HollowMod:GreatSlash"]},{"cards_removed":["HollowMod:PogoStrike"],"damage_healed":0.0,"max_hp_gain":0.0,"max_hp_loss":0.0,"gold_gain":0.0,"event_name":"NoteForYourself","player_choice":"Took Card","floor":4.0,"gold_loss":0.0,"damage_taken":0.0,"cards_obtained":["Iron Wave"]},{"damage_healed":0.0,"max_hp_gain":0.0,"max_hp_loss":0.0,"gold_gain":0.0,"event_name":"Liars Game","player_choice":"Ignored","floor":14.0,"gold_loss":0.0,"damage_taken":0.0},{"damage_healed":0.0,"max_hp_gain":0.0,"max_hp_loss":0.0,"gold_gain":0.0,"event_name":"Colosseum","player_choice":"Fight","floor":19.0,"gold_loss":0.0,"damage_taken":0.0},{"damage_healed":0.0,"max_hp_gain":0.0,"max_hp_loss":0.0,"gold_gain":0.0,"event_name":"Colosseum","player_choice":"Fought Nobs","floor":19.0,"gold_loss":0.0,"damage_taken":0.0},{"damage_healed":0.0,"max_hp_gain":0.0,"max_hp_loss":0.0,"gold_gain":0.0,"cards_transformed":["HollowMod:NailStrikeStart","HollowMod:QuickDashStart"],"event_name":"Drug Dealer","player_choice":"Became Test Subject","floor":20.0,"gold_loss":0.0,"damage_taken":0.0,"cards_obtained":["HollowMod:theNailsmith","HollowMod:GreatSlash"]},{"damage_healed":0.0,"max_hp_gain":0.0,"max_hp_loss":0.0,"gold_gain":0.0,"event_name":"The Mausoleum","player_choice":"Ignored","floor":24.0,"gold_loss":0.0,"damage_taken":0.0},{"damage_healed":0.0,"max_hp_gain":0.0,"max_hp_loss":0.0,"gold_gain":99.0,"event_name":"Nest","player_choice":"Stole From Cult","floor":30.0,"gold_loss":0.0,"damage_taken":0.0},{"damage_healed":0,"gold_gain":0,"player_choice":"Fight","damage_taken":0,"max_hp_gain":0,"max_hp_loss":0,"event_name":"Mysterious Sphere","floor":39,"gold_loss":0}],"is_beta":false,"boss_relics":[{"not_picked":["Tiny House","Lizard Tail"],"picked":"Philosopher\u0027s Stone"},{"not_picked":["Fusion Hammer","Eternal Feather"],"picked":"Sozu"}],"items_purged_floors":[21,27,36],"is_endless":false,"potions_floor_spawned":[3,10,11,12,18,19,25,31,33,37,38],"killed_by":"2 Orb Walkers","ascension_level":0}