{"gold_per_floor":[114,114,133,146,156,182,192,192,263,295,295,314,326,342,342,439,439,456,456,467,63,73,73,73,73,152,152,163,183,4,18,18,18],"floor_reached":33,"playtime":1417,"items_purged":["HollowMod:InfectedAttack+1","HollowMod:DescendingDark"],"score":342,"play_id":"3857913e-815e-4353-b9d8-e7ab684a9cc4","local_time":"20190526214308","daily_mods":["SealedDeck"],"is_ascension_mode":true,"campfire_choices":[{"data":"HollowMod:WraithStrike","floor":8,"key":"SMITH"},{"data":"HollowMod:CloakDash","floor":11,"key":"SMITH"},{"data":"HollowMod:VengefulVoid","floor":15,"key":"SMITH"},{"data":"HollowMod:ShapeofUnn","floor":23,"key":"SMITH"},{"floor":25,"key":"REST"},{"data":"HollowMod:DescendingDark","floor":27,"key":"SMITH"},{"data":"HollowMod:BlackWings","floor":32,"key":"SMITH"}],"neow_cost":"","seed_source_timestamp":0,"circlet_count":0,"master_deck":["HollowMod:FastStrike","HollowMod:CloakDash+1","HollowMod:WraithStrike+1","HollowMod:MonarchWings","HollowMod:DoubleDash","HollowMod:VengefulVoid+1","HollowMod:VengefulVoid","HollowMod:ShapeofUnn+1","HollowMod:DescendingDark+1","HollowMod:ThornsofAgony+1","HollowMod:Weaversong+1","HollowMod:SlysStrikes+1","HollowMod:ShadowDash+1","HollowMod:MantisMark+1","HollowMod:BlackWings+1"],"relics":["HollowMod:VesselMask","Bottled Lightning","Frozen Egg 2","Mango","Astrolabe","Singing Bowl","Bottled Flame"],"potions_floor_usage":[6,6,16,18,22,24,28,33],"damage_taken":[{"damage":2,"enemies":"Jaw Worm","floor":1,"turns":2},{"damage":0,"enemies":"Small Slimes","floor":3,"turns":1},{"damage":0,"enemies":"2 Louse","floor":4,"turns":1},{"damage":0,"enemies":"Large Slime","floor":5,"turns":3},{"damage":0,"enemies":"Gremlin Nob","floor":6,"turns":2},{"damage":11,"enemies":"Red Slaver","floor":7,"turns":2},{"damage":8,"enemies":"3 Sentries","floor":10,"turns":3},{"damage":0,"enemies":"Exordium Thugs","floor":12,"turns":2},{"damage":0,"enemies":"Large Slime","floor":13,"turns":2},{"damage":0,"enemies":"Looter","floor":14,"turns":1},{"damage":54,"enemies":"HollowMod:FalseKnight","floor":16,"turns":8},{"damage":5,"enemies":"Shell Parasite","floor":18,"turns":2},{"damage":49,"enemies":"2 Thieves","floor":20,"turns":3},{"damage":3,"enemies":"Sentry and Sphere","floor":22,"turns":3},{"damage":26,"enemies":"Colosseum Slavers","floor":24,"turns":4},{"damage":12,"enemies":"Snake Plant","floor":28,"turns":3},{"damage":15,"enemies":"Cultist and Chosen","floor":29,"turns":4},{"damage":0,"enemies":"Centurion and Healer","floor":31,"turns":4},{"damage":38,"enemies":"Collector","floor":33,"turns":2}],"seed_played":"1746161188410228131","potions_obtained":[{"floor":3,"key":"AttackPotion"},{"floor":5,"key":"Poison Potion"},{"floor":10,"key":"Energy Potion"},{"floor":13,"key":"SneckoOil"},{"floor":14,"key":"SmokeBomb"},{"floor":16,"key":"Fire Potion"},{"floor":18,"key":"FearPotion"},{"floor":20,"key":"Dexterity Potion"},{"floor":22,"key":"Regen Potion"}],"is_trial":true,"path_per_floor":["M","$","M","M","M","E","M","R","T","E","R","M","M","M","R","B",null,"M","?","M","$","M","R","?","R","T","R","M","M","$","M","R","B"],"character_chosen":"THE_BUGKNIGHT","items_purchased":["Singing Bowl","Regen Potion","HollowMod:BlackWings"],"campfire_rested":1,"item_purchase_floors":[21,21,30],"current_hp_per_floor":[73,73,73,73,73,73,62,62,62,68,68,68,68,68,68,14,89,84,84,35,35,43,43,29,56,56,56,46,33,33,35,35,0],"gold":18,"neow_bonus":"","is_prod":false,"is_daily":false,"chose_seed":false,"campfire_upgraded":6,"win_rate":0,"timestamp":1558924988,"path_taken":["M","$","M","M","M","E","M","R","T","E","R","M","M","M","R","BOSS","M","?","M","$","M","R","?","R","T","R","M","M","$","M","R","BOSS"],"build_version":"2019-01-23","purchased_purges":2,"victory":false,"max_hp_per_floor":[75,75,75,75,75,75,75,75,75,89,89,89,89,89,89,89,89,89,89,89,89,91,91,91,91,91,91,93,95,95,97,97,97],"card_choices":[{"not_picked":["HollowMod:InfectionAssault","HollowMod:ThornsofAgony"],"picked":"HollowMod:ShapeofUnn","floor":1},{"not_picked":["HollowMod:DashSlash","HollowMod:SoulSplash"],"picked":"HollowMod:DescendingDark","floor":3},{"not_picked":["HollowMod:DoubleDash","HollowMod:SoulSplash","HollowMod:FallenFury"],"picked":"SKIP","floor":4},{"not_picked":["HollowMod:DoubleDash","HollowMod:SoulSplash","HollowMod:FallenFury"],"picked":"SKIP","floor":4},{"not_picked":["HollowMod:theNailsmith","HollowMod:ChannelNail","HollowMod:SoulStrike"],"picked":"SKIP","floor":5},{"not_picked":["HollowMod:DreamGate","HollowMod:SoulVessel"],"picked":"HollowMod:AbyssShriek","floor":6},{"not_picked":["HollowMod:RecoilStrike","HollowMod:DescendingDark","HollowMod:HeavyBlow"],"picked":"SKIP","floor":7},{"not_picked":["HollowMod:TaintedHusks","HollowMod:DescendingDark"],"picked":"HollowMod:ThornsofAgony+1","floor":10},{"not_picked":["HollowMod:DashSlash","HollowMod:ShapeofUnn+1"],"picked":"HollowMod:Weaversong+1","floor":12},{"not_picked":["HollowMod:VengefulSpirit","HollowMod:WraithStrike","HollowMod:HowlingWraiths"],"picked":"SKIP","floor":13},{"not_picked":["HollowMod:MawleksShell","HollowMod:GoodIntentions","HollowMod:VengefulVoid"],"picked":"SKIP","floor":14},{"not_picked":["HollowMod:ElderbugsWisdom+1","HollowMod:Hiveblood"],"picked":"HollowMod:SlysStrikes+1","floor":16},{"not_picked":["HollowMod:HowlingWraiths","HollowMod:CycloneSlash+1","HollowMod:MonomonsArchive"],"picked":"SKIP","floor":18},{"not_picked":["HollowMod:LifebloodCocoon","HollowMod:InfectedAttack","HollowMod:DesolateDive+1"],"picked":"SKIP","floor":20},{"not_picked":["HollowMod:DungDefenderAura+1","HollowMod:DoubleDash","HollowMod:FastStrike+1"],"picked":"Singing Bowl","floor":22},{"not_picked":["HollowMod:VengefulSpirit","HollowMod:RecoilStrike","HollowMod:InfectedAttack"],"picked":"Singing Bowl","floor":28},{"not_picked":["HollowMod:WraithStrike","HollowMod:ChannelNail","HollowMod:RecoilStrike"],"picked":"Singing Bowl","floor":29},{"not_picked":["HollowMod:CrystalDash","HollowMod:DashSlash","HollowMod:TaintedHusks+1"],"picked":"Singing Bowl","floor":31}],"player_experience":36904,"relics_obtained":[{"floor":6,"key":"Bottled Lightning"},{"floor":9,"key":"Frozen Egg 2"},{"floor":10,"key":"Mango"},{"floor":26,"key":"Bottled Flame"}],"event_choices":[{"damage_healed":0,"gold_gain":0,"player_choice":"Ignored","damage_taken":0,"max_hp_gain":0,"max_hp_loss":0,"event_name":"Vampires","floor":19,"gold_loss":0},{"damage_healed":0,"gold_gain":0,"player_choice":"Fight","damage_taken":0,"max_hp_gain":0,"max_hp_loss":0,"event_name":"Colosseum","floor":24,"gold_loss":0},{"damage_healed":0,"gold_gain":0,"player_choice":"Fled From Nobs","damage_taken":0,"max_hp_gain":0,"max_hp_loss":0,"event_name":"Colosseum","floor":24,"gold_loss":0}],"is_beta":false,"boss_relics":[{"not_picked":["Velvet Choker","Runic Dome"],"picked":"Astrolabe"}],"items_purged_floors":[21,30],"is_endless":false,"potions_floor_spawned":[3,5,10,13,14,16,18,20,22],"killed_by":"Collector","ascension_level":2}