{"gold_per_floor":[111,111,127,77,77,77,97,116,116,116,116,116,68,88,88,185,185,197,84,100,116,116,116,175,90,114,114,114,114,37,37,37,137,137,156,173,193,193],"floor_reached":38,"playtime":1522,"items_purged":["HollowMod:DashSlash"],"score":439,"play_id":"58b0d313-991d-4fe5-9c3a-723ca2724faa","local_time":"20190526220929","daily_mods":["SealedDeck"],"is_ascension_mode":true,"campfire_choices":[{"data":"HollowMod:GrimmsGift","floor":6,"key":"SMITH"},{"data":"HollowMod:AbyssShriek","floor":10,"key":"SMITH"},{"data":"HollowMod:Weaversong","floor":12,"key":"SMITH"},{"data":"HollowMod:VengefulVoid","floor":15,"key":"SMITH"},{"data":"HollowMod:ShapeofUnn","floor":23,"key":"SMITH"},{"floor":27,"key":"REST"},{"data":"HollowMod:WraithStrike","floor":29,"key":"SMITH"},{"floor":32,"key":"REST"}],"neow_cost":"","seed_source_timestamp":0,"circlet_count":0,"master_deck":["HollowMod:DoubleDash","HollowMod:GrimmsGift+1","HollowMod:MonarchWings","HollowMod:DescendingDark","HollowMod:VengefulVoid+1","HollowMod:PogoStrike","HollowMod:WraithStrike+1","HollowMod:CloakDash","HollowMod:DescendingDark","HollowMod:PogoStrike","HollowMod:CloakDash","HollowMod:Weaversong+1","HollowMod:AbyssShriek+1","HollowMod:SiblingsShadow","HollowMod:SharpenedShadows","HollowMod:Flukenest","HollowMod:Flukenest","HollowMod:ShapeofUnn+1","HollowMod:HerrahsAnger","HollowMod:PogoStrike","HollowMod:MantisMark","HollowMod:VoidDash"],"relics":["HollowMod:VesselMask","GremlinMask","FossilizedHelix","Orrery","Pantograph","Tiny Chest","Orichalcum","Boot","Kunai","Philosopher\u0027s Stone"],"potions_floor_usage":[14,24,24,33],"damage_taken":[{"damage":13,"enemies":"Jaw Worm","floor":1,"turns":2},{"damage":2,"enemies":"Small Slimes","floor":3,"turns":2},{"damage":0,"enemies":"Cultist","floor":7,"turns":1},{"damage":16,"enemies":"Red Slaver","floor":8,"turns":2},{"damage":0,"enemies":"Looter","floor":14,"turns":2},{"damage":19,"enemies":"Hexaghost","floor":16,"turns":5},{"damage":15,"enemies":"3 Byrds","floor":18,"turns":3},{"damage":0,"enemies":"Spheric Guardian","floor":20,"turns":3},{"damage":0,"enemies":"Snake Plant","floor":21,"turns":2},{"damage":37,"enemies":"Book of Stabbing","floor":24,"turns":4},{"damage":43,"enemies":"HollowMod:NKGrimm","floor":33,"turns":8},{"damage":54,"enemies":"3 Darklings","floor":35,"turns":3},{"damage":0,"enemies":"Orb Walker","floor":36,"turns":3},{"damage":10,"enemies":"4 Shapes","floor":37,"turns":3},{"damage":12,"enemies":"Sphere and 2 Shapes","floor":38,"turns":2}],"seed_played":"-3617448819605527862","potions_obtained":[{"floor":3,"key":"Ancient Potion"},{"floor":8,"key":"AttackPotion"},{"floor":14,"key":"Swift Potion"},{"floor":16,"key":"Strength Potion"},{"floor":20,"key":"AttackPotion"},{"floor":24,"key":"LiquidBronze"},{"floor":36,"key":"Energy Potion"},{"floor":37,"key":"Fire Potion"}],"is_trial":true,"path_per_floor":["M","$","M","?","?","R","M","M","T","R","$","R","$","M","R","B",null,"M","$","M","M","?","R","E","?","T","R","T","R","$","?","R","B",null,"M","M","M","M"],"character_chosen":"THE_BUGKNIGHT","items_purchased":["HollowMod:DashSlash","HollowMod:HerrahsAnger","HollowMod:MantisMark"],"campfire_rested":2,"item_purchase_floors":[13,19,30],"current_hp_per_floor":[62,62,60,60,60,60,60,44,44,44,44,44,44,44,44,25,75,60,60,60,60,60,60,23,23,23,45,45,45,45,45,67,32,75,21,21,11,0],"gold":193,"neow_bonus":"","is_prod":false,"is_daily":false,"chose_seed":false,"campfire_upgraded":6,"win_rate":0,"timestamp":1558926569,"path_taken":["M","$","M","?","?","R","M","?","T","R","$","R","$","M","R","BOSS","M","$","M","M","?","R","E","?","T","R","?","R","$","?","R","BOSS","M","M","M","M"],"build_version":"2019-01-23","purchased_purges":1,"victory":false,"max_hp_per_floor":[75,75,75,75,75,75,75,75,75,75,75,75,75,75,75,75,75,75,75,75,75,75,75,75,75,75,75,75,75,75,75,75,75,75,75,75,75,75],"card_choices":[{"not_picked":["HollowMod:DoubleDash","HollowMod:TaintedHusks"],"picked":"HollowMod:PogoStrike","floor":1},{"not_picked":["HollowMod:GoodIntentions","HollowMod:ConfessorsAdvice"],"picked":"HollowMod:CloakDash","floor":3},{"not_picked":["HollowMod:DashSlash","HollowMod:SoulEater"],"picked":"HollowMod:Weaversong","floor":7},{"not_picked":["HollowMod:DoubleDash","HollowMod:MonarchWings"],"picked":"HollowMod:AbyssShriek","floor":8},{"not_picked":["HollowMod:GrimmsGift","HollowMod:GoodIntentions"],"picked":"HollowMod:SiblingsShadow","floor":14},{"not_picked":["HollowMod:SoulMaster","HollowMod:AwokenDreamNail"],"picked":"HollowMod:SharpenedShadows","floor":16},{"not_picked":["HollowMod:WraithStrike","HollowMod:HowlingWraiths"],"picked":"HollowMod:Flukenest","floor":17},{"not_picked":["HollowMod:HeavyBlow","HollowMod:HuntersJournal"],"picked":"HollowMod:Flukenest","floor":17},{"not_picked":["HollowMod:QuirrelsAssistance","HollowMod:CycloneSlash"],"picked":"HollowMod:ShapeofUnn","floor":17},{"not_picked":["HollowMod:ChannelNail","HollowMod:LifebloodHeart","HollowMod:SoulMaster"],"picked":"SKIP","floor":18},{"not_picked":["HollowMod:ThornsofAgony+1","HollowMod:MonomonsArchive+1"],"picked":"HollowMod:PogoStrike","floor":20},{"not_picked":["HollowMod:HowlingWraiths+1","HollowMod:MonarchWings","HollowMod:GoodIntentions+1"],"picked":"SKIP","floor":21},{"not_picked":["HollowMod:MonarchWings","HollowMod:HeavyBlow+1","HollowMod:SoulStrike"],"picked":"SKIP","floor":24},{"not_picked":["HollowMod:Hiveblood","HollowMod:LifebloodCore"],"picked":"HollowMod:VoidDash","floor":33},{"not_picked":["HollowMod:GoodIntentions","HollowMod:SoulStrike+1","HollowMod:VengefulVoid"],"picked":"SKIP","floor":35},{"not_picked":["HollowMod:SoulShaman","HollowMod:DashSlash+1","HollowMod:MonarchWings"],"picked":"SKIP","floor":36},{"not_picked":["HollowMod:GrimmsGift+1","HollowMod:MonomonsArchive+1","HollowMod:VengefulVoid+1"],"picked":"SKIP","floor":37}],"player_experience":38333,"relics_obtained":[{"floor":9,"key":"FossilizedHelix"},{"floor":24,"key":"Tiny Chest"},{"floor":26,"key":"Boot"},{"floor":28,"key":"Kunai"}],"event_choices":[{"cards_removed":["HollowMod:DoubleDash"],"damage_healed":0,"gold_gain":0,"player_choice":"Card Removal","damage_taken":0,"max_hp_gain":0,"max_hp_loss":0,"event_name":"The Cleric","floor":4,"gold_loss":50},{"damage_healed":0,"gold_gain":0,"player_choice":"Trade","damage_taken":0,"relics_obtained":["GremlinMask"],"max_hp_gain":0,"max_hp_loss":0,"event_name":"FaceTrader","floor":5,"gold_loss":0},{"damage_healed":0,"gold_gain":0,"player_choice":"Opened","damage_taken":0,"relics_obtained":["Pantograph"],"max_hp_gain":0,"max_hp_loss":0,"event_name":"The Mausoleum","floor":22,"gold_loss":0,"cards_obtained":["Writhe"]},{"damage_healed":0,"gold_gain":0,"player_choice":"Obtained Relic","damage_taken":0,"relics_obtained":["Orichalcum"],"max_hp_gain":0,"max_hp_loss":0,"event_name":"Addict","floor":25,"gold_loss":85}],"is_beta":false,"boss_relics":[{"not_picked":["Velvet Choker","Snecko Eye"],"picked":"Orrery"},{"not_picked":["Empty Cage","Runic Pyramid"],"picked":"Philosopher\u0027s Stone"}],"items_purged_floors":[19],"is_endless":false,"potions_floor_spawned":[3,8,14,16,20,24,36,37],"killed_by":"Sphere and 2 Shapes","ascension_level":3}