{"gold_per_floor":[119,134,150,167,167,203,203,234,234,234,255,2,2,18,18,147,147,160,11,30,54,77,115,115,139,164,208,221,271,30,51,51,180,180,196,209,61,77,95,139,64,84,111,111,236,236,257,301,301,301],"floor_reached":50,"playtime":3741,"items_purged":["Injury"],"score":608,"play_id":"699c2b5c-7150-4878-89a4-2ab4b5d5610c","local_time":"20190525233148","daily_mods":["SealedDeck"],"is_ascension_mode":false,"campfire_choices":[{"data":"HollowMod:SoulEater","floor":7,"key":"SMITH"},{"data":"HollowMod:BaldurShell","floor":13,"key":"SMITH"},{"data":"HollowMod:MonomonsArchive","floor":15,"key":"SMITH"},{"data":"HollowMod:DesolateDive","floor":24,"key":"SMITH"},{"data":"HollowMod:RecoilStrike","floor":32,"key":"SMITH"},{"data":"HollowMod:AwokenDreamNail","floor":44,"key":"SMITH"},{"data":"HollowMod:SoulSplash","floor":46,"key":"SMITH"},{"data":"HollowMod:LuriensSpire+1","floor":49,"key":"PURGE"}],"neow_cost":"","seed_source_timestamp":601965462570314,"circlet_count":0,"master_deck":["HollowMod:PogoStrike","HollowMod:DashSlash","HollowMod:GoodIntentions+1","HollowMod:SoulStrike","HollowMod:RecoilStrike+1","HollowMod:PogoStrike","HollowMod:SoulVessel","HollowMod:SoulEater+1","HollowMod:VengefulSpirit","HollowMod:VengefulSpirit","HollowMod:PogoStrike","HollowMod:MonomonsArchive+1","HollowMod:BaldurShell+1","HollowMod:AwokenDreamNail+1","HollowMod:BaldurShell+1","HollowMod:CycloneSlash","HollowMod:DesolateDive+1","HollowMod:Flukenest","Finesse","HollowMod:SlysStrikes","HollowMod:SoulEater+1","HollowMod:SoulSplash+1"],"relics":["HollowMod:VesselMask","Golden Idol","Shuriken","HollowMod:MillibellesNoteRelic","Bronze Scales","Mummified Hand","Sozu","Oddly Smooth Stone","HollowMod:MantisClawRelic","Ancient Tea Set","HollowMod:QueensCombRelic","Blood Vial","Lizard Tail","Bag of Preparation","Art of War","Juzu Bracelet","Peace Pipe","War Paint"],"potions_floor_usage":[3,11,50,50],"damage_taken":[{"damage":0,"enemies":"2 Louse","floor":1,"turns":1},{"damage":0,"enemies":"Cultist","floor":2,"turns":2},{"damage":0,"enemies":"Small Slimes","floor":3,"turns":1},{"damage":6,"enemies":"2 Fungi Beasts","floor":4,"turns":3},{"damage":2,"enemies":"Gremlin Nob","floor":6,"turns":4},{"damage":5,"enemies":"3 Sentries","floor":8,"turns":5},{"damage":1,"enemies":"Blue Slaver","floor":11,"turns":3},{"damage":0,"enemies":"Looter","floor":14,"turns":2},{"damage":7,"enemies":"HollowMod:FalseKnight","floor":16,"turns":6},{"damage":4,"enemies":"3 Byrds","floor":18,"turns":2},{"damage":0,"enemies":"Spheric Guardian","floor":20,"turns":3},{"damage":0,"enemies":"3 Cultists","floor":21,"turns":4},{"damage":0,"enemies":"Shelled Parasite and Fungi","floor":22,"turns":4},{"damage":23,"enemies":"Book of Stabbing","floor":23,"turns":4},{"damage":0,"enemies":"Snake Plant","floor":25,"turns":3},{"damage":20,"enemies":"Gremlin Leader","floor":27,"turns":5},{"damage":15,"enemies":"Centurion and Healer","floor":28,"turns":3},{"damage":0,"enemies":"3 Cultists","floor":31,"turns":4},{"damage":5,"enemies":"Automaton","floor":33,"turns":8},{"damage":5,"enemies":"Orb Walker","floor":35,"turns":3},{"damage":16,"enemies":"3 Shapes","floor":36,"turns":3},{"damage":15,"enemies":"HollowMod:SlobberingHusk","floor":38,"turns":8},{"damage":37,"enemies":"4 Shapes","floor":39,"turns":3},{"damage":0,"enemies":"Giant Head","floor":40,"turns":7},{"damage":0,"enemies":"Transient","floor":42,"turns":5},{"damage":0,"enemies":"Mind Bloom Boss Battle","floor":45,"turns":4},{"damage":12,"enemies":"Spire Growth","floor":47,"turns":3},{"damage":1,"enemies":"Reptomancer","floor":48,"turns":4},{"damage":38,"enemies":"Awakened One","floor":50,"turns":3}],"seed_played":"-3494618249333188400","potions_obtained":[{"floor":1,"key":"Fire Potion"},{"floor":6,"key":"Ancient Potion"},{"floor":8,"key":"Block Potion"},{"floor":14,"key":"Strength Potion"}],"is_trial":true,"path_per_floor":["M","M","M","M","?","E","R","E","T","?","M","$","R","M","R","B",null,"M","$","M","M","M","E","R","M","T","E","M","?","$","M","R","B",null,"M","M","$","M","M","E","$","M","T","R","?","R","M","E","R","B"],"character_chosen":"THE_BUGKNIGHT","items_purchased":["Mummified Hand","Oddly Smooth Stone","Blood Vial","Finesse","Bag of Preparation"],"campfire_rested":0,"item_purchase_floors":[12,19,30,30,37],"current_hp_per_floor":[75,75,75,69,69,67,67,62,62,62,61,61,61,61,61,54,75,71,71,71,71,71,48,48,48,48,28,17,17,17,35,35,32,37,32,21,21,20,8,37,37,37,37,37,37,37,25,34,34,0],"gold":301,"neow_bonus":"","is_prod":false,"is_daily":false,"chose_seed":false,"campfire_upgraded":7,"win_rate":0,"timestamp":1558845108,"path_taken":["M","M","M","M","?","E","R","E","T","?","M","$","R","M","R","BOSS","M","$","M","M","?","E","R","M","T","E","M","?","$","M","R","BOSS","M","M","$","M","M","E","?","M","T","R","?","R","M","E","R","BOSS"],"build_version":"2019-01-23","purchased_purges":1,"victory":false,"max_hp_per_floor":[75,75,75,75,75,75,75,75,75,75,75,75,75,75,75,75,75,75,75,75,75,75,75,75,75,75,37,37,37,37,37,37,37,37,37,37,37,37,37,37,37,37,37,37,37,37,37,37,37,37],"card_choices":[{"not_picked":["HollowMod:MawleksShell","HollowMod:HeavyBlow"],"picked":"HollowMod:LuriensSpire","floor":1},{"not_picked":["HollowMod:WraithStrike","HollowMod:CloakDash"],"picked":"HollowMod:PogoStrike","floor":2},{"not_picked":["HollowMod:GoodIntentions","HollowMod:WraithStrike"],"picked":"HollowMod:MonomonsArchive","floor":3},{"not_picked":["HollowMod:DashSlash","HollowMod:ThornsofAgony","HollowMod:LifebloodCocoon"],"picked":"SKIP","floor":4},{"not_picked":["HollowMod:SharpenedNail","HollowMod:DesolateDive"],"picked":"HollowMod:BaldurShell","floor":6},{"not_picked":["HollowMod:LifebloodCocoon","HollowMod:VengefulVoid","HollowMod:GoodIntentions"],"picked":"SKIP","floor":8},{"not_picked":["HollowMod:DoubleDash","HollowMod:LifebloodCocoon","HollowMod:InfectedCysts"],"picked":"SKIP","floor":11},{"not_picked":["HollowMod:SiblingsShadow","HollowMod:LifebloodCocoon","HollowMod:BrokenVessel"],"picked":"SKIP","floor":14},{"not_picked":["HollowMod:ZotesMagnificence","HollowMod:ElderbugsWisdom"],"picked":"HollowMod:AwokenDreamNail","floor":16},{"not_picked":["HollowMod:HeavyBlow","HollowMod:InfectedAttack","HollowMod:DashSlash"],"picked":"SKIP","floor":18},{"not_picked":["HollowMod:ChannelNail","HollowMod:PogoStrike"],"picked":"HollowMod:BaldurShell+1","floor":20},{"not_picked":["HollowMod:BlackTendrils","HollowMod:MonomonsArchive"],"picked":"HollowMod:CycloneSlash","floor":21},{"not_picked":["HollowMod:DoubleDash+1","HollowMod:PerfectDash","HollowMod:InfectionAssault"],"picked":"SKIP","floor":22},{"not_picked":["HollowMod:InfectedCysts","HollowMod:FallenFury+1"],"picked":"HollowMod:DesolateDive","floor":23},{"not_picked":["HollowMod:PureNailStrike","HollowMod:DescendingDark+1"],"picked":"HollowMod:Flukenest","floor":25},{"not_picked":["HollowMod:SharpenedNail","HollowMod:DashSlash","HollowMod:MonarchWings"],"picked":"SKIP","floor":27},{"not_picked":["HollowMod:RadiancesLament","HollowMod:SharpenedNail","HollowMod:CloakDash"],"picked":"SKIP","floor":28},{"not_picked":["HollowMod:VengefulVoid","HollowMod:PogoStrike","HollowMod:HeavyBlow"],"picked":"SKIP","floor":31},{"not_picked":["HollowMod:LifebloodCore","HollowMod:SoulMaster"],"picked":"HollowMod:SlysStrikes","floor":33},{"not_picked":["HollowMod:SoulVessel","HollowMod:LuriensSpire+1"],"picked":"HollowMod:SoulEater+1","floor":35},{"not_picked":["HollowMod:PogoStrike+1","HollowMod:SoulStrike+1","HollowMod:VengefulVoid+1"],"picked":"SKIP","floor":36},{"not_picked":["HollowMod:InfectedAttack","HollowMod:ChannelNail","HollowMod:VengefulVoid"],"picked":"SKIP","floor":38},{"not_picked":["HollowMod:LifebloodCocoon","HollowMod:VengefulVoid","HollowMod:AbyssShriek"],"picked":"SKIP","floor":39},{"not_picked":["HollowMod:RecoilStrike","HollowMod:HowlingWraiths+1","HollowMod:PogoStrike+1"],"picked":"SKIP","floor":40},{"not_picked":["HollowMod:TaintedHusks","HollowMod:SoulEater","HollowMod:SoulVessel"],"picked":"SKIP","floor":42},{"not_picked":["HollowMod:WraithStrike+1","HollowMod:DoubleDash+1"],"picked":"HollowMod:SoulSplash","floor":45},{"not_picked":["HollowMod:MonarchWings","HollowMod:GoodIntentions","HollowMod:HowlingWraiths+1"],"picked":"SKIP","floor":47},{"not_picked":["HollowMod:ChannelNail+1","HollowMod:MonomonsArchive+1","HollowMod:DoubleDash"],"picked":"SKIP","floor":48}],"player_experience":30855,"relics_obtained":[{"floor":6,"key":"Shuriken"},{"floor":8,"key":"HollowMod:MillibellesNoteRelic"},{"floor":9,"key":"Bronze Scales"},{"floor":23,"key":"HollowMod:MantisClawRelic"},{"floor":26,"key":"Ancient Tea Set"},{"floor":27,"key":"HollowMod:QueensCombRelic"},{"floor":40,"key":"Art of War"},{"floor":43,"key":"Juzu Bracelet"},{"floor":45,"key":"Peace Pipe"},{"floor":48,"key":"War Paint"}],"event_choices":[{"damage_healed":0,"gold_gain":0,"player_choice":"Take Wound","damage_taken":0,"relics_obtained":["Golden Idol"],"max_hp_gain":0,"max_hp_loss":0,"event_name":"Golden Idol","floor":5,"gold_loss":0,"cards_obtained":["Injury"]},{"damage_healed":0,"gold_gain":0,"player_choice":"Bought 0 Potions","damage_taken":0,"max_hp_gain":0,"max_hp_loss":0,"event_name":"The Woman in Blue","floor":10,"gold_loss":0},{"damage_healed":0,"gold_gain":100,"player_choice":"Bet on Murderer","damage_taken":0,"max_hp_gain":0,"max_hp_loss":0,"event_name":"The Joust","floor":29,"gold_loss":50},{"damage_healed":0,"gold_gain":0,"player_choice":"Fight","damage_taken":0,"max_hp_gain":0,"max_hp_loss":0,"event_name":"MindBloom","floor":45,"gold_loss":0}],"is_beta":false,"boss_relics":[{"not_picked":["Astrolabe","Velvet Choker"],"picked":"Sozu"},{"not_picked":["Snecko Eye","Orrery"],"picked":"Lizard Tail"}],"items_purged_floors":[41],"is_endless":false,"potions_floor_spawned":[1,6,8,14,21,22,25,27,31,33,35,39,42,48],"killed_by":"Awakened One","ascension_level":0}