{"gold_per_floor":[116,66,66,79,98,130],"floor_reached":6,"playtime":406,"items_purged":[],"score":46,"play_id":"7a772c16-6e05-4974-b913-92d4af86db8b","local_time":"20190525190330","is_ascension_mode":false,"campfire_choices":[],"neow_cost":"NONE","seed_source_timestamp":589964213802525,"circlet_count":0,"master_deck":["HollowMod:NailStrikeStart","HollowMod:NailStrikeStart","HollowMod:NailStrikeStart","HollowMod:QuickDashStart","HollowMod:QuickDashStart","HollowMod:QuickDashStart","HollowMod:QuickDashStart","HollowMod:FocusHealStart","HollowMod:CornifersMapStart","HollowMod:DashSlash","HollowMod:AbyssShriek","HollowMod:VoidDash","HollowMod:ShadowDash+1","HollowMod:ShadowDash+1","HollowMod:SharpenedNail","HollowMod:DescendingDark","HollowMod:VengefulVoid","HollowMod:VengefulVoid"],"relics":["HollowMod:VoidIdolRelic","HollowMod:MantisClawRelic","Strawberry"],"potions_floor_usage":[],"damage_taken":[{"damage":2,"enemies":"Small Slimes","floor":1,"turns":6},{"damage":0,"enemies":"Cultist","floor":4,"turns":4},{"damage":2,"enemies":"Jaw Worm","floor":5,"turns":4},{"damage":35,"enemies":"Lagavulin","floor":6,"turns":5}],"seed_played":"-7081361399339865904","potions_obtained":[{"floor":5,"key":"SkillPotion"}],"is_trial":false,"path_per_floor":["M","?","$","M","M","E"],"character_chosen":"THE_BUGKNIGHT","items_purchased":[],"campfire_rested":0,"item_purchase_floors":[],"current_hp_per_floor":[80,80,80,80,78,50],"gold":130,"neow_bonus":"TEN_PERCENT_HP_BONUS","is_prod":false,"is_daily":false,"chose_seed":false,"campfire_upgraded":0,"win_rate":0,"timestamp":1558829010,"path_taken":["M","?","$","M","M","E"],"build_version":"2019-01-23","purchased_purges":0,"victory":false,"max_hp_per_floor":[82,82,82,82,82,89],"card_choices":[{"not_picked":["HollowMod:MonarchWings","HollowMod:CycloneSlash"],"picked":"HollowMod:DashSlash","floor":1},{"not_picked":["HollowMod:FastStrike","HollowMod:SoulSplash","HollowMod:SharpenedNail"],"picked":"SKIP","floor":4},{"not_picked":["HollowMod:CrystalDash","HollowMod:WraithStrike","HollowMod:MonarchWings"],"picked":"SKIP","floor":5}],"player_experience":28543,"relics_obtained":[{"floor":6,"key":"Strawberry"}],"event_choices":[{"cards_removed":["HollowMod:NailStrikeStart"],"damage_healed":0,"gold_gain":0,"player_choice":"Card Removal","damage_taken":0,"max_hp_gain":0,"max_hp_loss":0,"event_name":"The Cleric","floor":2,"gold_loss":50}],"is_beta":false,"boss_relics":[],"items_purged_floors":[],"is_endless":false,"potions_floor_spawned":[5],"killed_by":"Lagavulin","ascension_level":0}