{"gold_per_floor":[110,125,142,22,34,34,34,34,114,23,43,43],"floor_reached":12,"playtime":740,"items_purged":["HollowMod:QuickDashStart"],"score":74,"play_id":"e4d508ab-bc97-40b5-8bb9-17f0260c7536","local_time":"20190522182201","is_ascension_mode":true,"campfire_choices":[{"data":"HollowMod:SoulVessel","floor":6,"key":"SMITH"},{"data":"HollowMod:PerfectDash","floor":8,"key":"SMITH"}],"neow_cost":"NONE","seed_source_timestamp":327939263373697,"circlet_count":0,"master_deck":["HollowMod:NailStrikeStart","HollowMod:NailStrikeStart","HollowMod:NailStrikeStart","HollowMod:NailStrikeStart","HollowMod:QuickDashStart","HollowMod:QuickDashStart","HollowMod:QuickDashStart","HollowMod:FocusHealStart+1","HollowMod:CornifersMapStart","HollowMod:ZotesMagnificence","HollowMod:PerfectDash+1","HollowMod:MantisMark","HollowMod:LifebloodHeart","HollowMod:SoulVessel+1","HollowMod:PogoStrike","HollowMod:SoulShaman+1","HollowMod:ChannelNail+1","HollowMod:SoulVessel"],"relics":["HollowMod:VesselMask","Toxic Egg 2"],"potions_floor_usage":[11],"damage_taken":[{"damage":1,"enemies":"Small Slimes","floor":1,"turns":3},{"damage":11,"enemies":"Jaw Worm","floor":2,"turns":3},{"damage":0,"enemies":"Cultist","floor":3,"turns":2},{"damage":16,"enemies":"Gremlin Gang","floor":5,"turns":6},{"damage":21,"enemies":"Large Slime","floor":11,"turns":6},{"damage":57,"enemies":"3 Sentries","floor":12,"turns":8}],"seed_played":"2205409618146885895","potions_obtained":[{"floor":1,"key":"Swift Potion"}],"is_trial":false,"path_per_floor":["M","M","M","$","M","R","?","R","T","$","M","E"],"character_chosen":"THE_BUGKNIGHT","items_purchased":["HollowMod:SoulVessel","HollowMod:SoulShaman+1","HollowMod:ChannelNail+1"],"campfire_rested":0,"item_purchase_floors":[4,10,10],"current_hp_per_floor":[74,63,63,63,53,53,53,53,53,53,44,0],"gold":43,"neow_bonus":"ONE_RANDOM_RARE_CARD","is_prod":false,"is_daily":false,"chose_seed":false,"campfire_upgraded":2,"win_rate":0,"timestamp":1558567321,"path_taken":["M","M","M","$","M","R","?","R","T","$","M","E"],"build_version":"2019-01-23","purchased_purges":1,"victory":false,"max_hp_per_floor":[75,75,75,75,75,75,75,75,75,75,75,75],"card_choices":[{"not_picked":["HollowMod:DoubleDash","HollowMod:StalwartShell"],"picked":"HollowMod:PerfectDash","floor":1},{"not_picked":["HollowMod:SoulVessel","HollowMod:DoubleDash"],"picked":"HollowMod:MantisMark","floor":2},{"not_picked":["HollowMod:SoulSplash","HollowMod:CycloneSlash"],"picked":"HollowMod:LifebloodHeart","floor":3},{"not_picked":["HollowMod:HowlingWraiths","HollowMod:VengefulVoid"],"picked":"HollowMod:PogoStrike","floor":5},{"not_picked":["HollowMod:DoubleDash+1","HollowMod:RecoilStrike"],"picked":"HollowMod:SoulVessel","floor":11}],"player_experience":16593,"relics_obtained":[{"floor":9,"key":"Toxic Egg 2"}],"event_choices":[{"damage_healed":0,"gold_gain":0,"player_choice":"Grow","damage_taken":0,"max_hp_gain":0,"max_hp_loss":0,"event_name":"Living Wall","floor":7,"gold_loss":0,"cards_upgraded":["HollowMod:FocusHealStart"]}],"is_beta":false,"boss_relics":[],"items_purged_floors":[4],"is_endless":false,"potions_floor_spawned":[1],"killed_by":"3 Sentries","ascension_level":1}