{"gold_per_floor":[113,132,148,126,126,126,76,136,136,147,147,147,180,199,199,297,347,362,379,171,131,151,151,182,194,194,209,124,151,151,151,151,151],"floor_reached":33,"playtime":2258,"items_purged":[],"score":341,"play_id":"b979e99d-c3a8-4247-9619-8f003f8f7656","local_time":"20190527122322","daily_mods":["SealedDeck"],"is_ascension_mode":true,"campfire_choices":[{"data":"HollowMod:BlackTendrils","floor":6.0,"key":"SMITH"},{"data":"HollowMod:SiblingsSouls","floor":12.0,"key":"SMITH"},{"data":"HollowMod:WraithStrike","floor":15.0,"key":"SMITH"},{"data":"HollowMod:ShapeofUnn","floor":23.0,"key":"SMITH"},{"data":"HollowMod:SlysStrikes","floor":32,"key":"SMITH"}],"neow_cost":"","seed_source_timestamp":0,"circlet_count":0,"master_deck":["HollowMod:SiblingsShadow","HollowMod:FastStrike+1","HollowMod:DoubleDash","HollowMod:HerrahsAnger","HollowMod:PogoStrike","HollowMod:ShapeofUnn+1","HollowMod:SiblingsShadow","HollowMod:BlackTendrils+1","HollowMod:BlackWings+1","HollowMod:WraithStrike+1","HollowMod:DescendingDark+1","HollowMod:BlackWings","HollowMod:SiblingsSouls+1","HollowMod:HerrahsAnger+1","HollowMod:VoidDash","HollowMod:CloakDash+1","HollowMod:SlysStrikes+1"],"special_seed":0,"relics":["HollowMod:VesselMask","Smiling Mask","Juzu Bracelet","Kunai","Molten Egg 2","Tiny House","HollowMod:StagPassRelic","Dodecahedron","Letter Opener","Vajra","Strawberry"],"potions_floor_usage":[33],"damage_taken":[{"damage":9.0,"enemies":"Cultist","floor":1.0,"turns":3.0},{"damage":10.0,"enemies":"Jaw Worm","floor":2.0,"turns":2.0},{"damage":15.0,"enemies":"Small Slimes","floor":3.0,"turns":2.0},{"damage":30.0,"enemies":"Lagavulin Event","floor":8.0,"turns":5.0},{"damage":13.0,"enemies":"Looter","floor":10.0,"turns":2.0},{"damage":0.0,"enemies":"3 Sentries","floor":13.0,"turns":1.0},{"damage":26.0,"enemies":"Exordium Wildlife","floor":14.0,"turns":3.0},{"damage":17.0,"enemies":"Hexaghost","floor":16.0,"turns":7.0},{"damage":0.0,"enemies":"Spheric Guardian","floor":18.0,"turns":3.0},{"damage":10.0,"enemies":"Shell Parasite","floor":19.0,"turns":3.0},{"damage":0.0,"enemies":"Snecko","floor":22.0,"turns":4.0},{"damage":36.0,"enemies":"Book of Stabbing","floor":24.0,"turns":5.0},{"damage":29.0,"enemies":"Chosen and Byrds","floor":25.0,"turns":4.0},{"damage":0.0,"enemies":"Shelled Parasite and Fungi","floor":27.0,"turns":2.0},{"damage":27.0,"enemies":"HollowMod:Nosk","floor":29.0,"turns":4.0},{"damage":48,"enemies":"Champ","floor":33,"turns":7}],"seed_played":"4505657713987998755","potions_obtained":[{"floor":1.0,"key":"Strength Potion"},{"floor":2.0,"key":"Regen Potion"},{"floor":13.0,"key":"Weak Potion"},{"floor":16.0,"key":"Block Potion"},{"floor":17.0,"key":"Regen Potion"},{"floor":18.0,"key":"AttackPotion"},{"floor":22.0,"key":"LiquidBronze"},{"floor":27.0,"key":"Regen Potion"}],"is_trial":true,"path_per_floor":["M","M","M","$","?","R","?","?","T","M","?","R","E","M","R","B",null,"M","M","$","?","M","R","E","M","T","M","?","E","?","$","R","B"],"character_chosen":"THE_BUGKNIGHT","items_purchased":["HollowMod:DescendingDark","HollowMod:StagPassRelic"],"campfire_rested":0,"item_purchase_floors":[4,20],"current_hp_per_floor":[70,65,55,55,48,48,48,25,25,30,30,30,30,20,20,5,80,80,73,73,73,80,80,51,33,33,33,33,30,30,30,30,0],"gold":151,"neow_bonus":"","is_prod":false,"is_daily":false,"chose_seed":false,"campfire_upgraded":5,"win_rate":0,"timestamp":1558977802,"path_taken":["M","M","?","$","?","R","?","?","T","M","?","R","E","M","R","BOSS","M","M","$","?","M","R","E","M","T","M","?","E","?","$","R","BOSS"],"build_version":"2019-01-23","purchased_purges":0,"victory":false,"max_hp_per_floor":[75,75,75,75,75,75,75,75,75,75,75,75,75,75,75,75,80,80,80,80,80,80,80,80,80,80,80,80,87,87,87,87,87],"card_choices":[{"not_picked":["HollowMod:GoodIntentions","HollowMod:Grubsong","HollowMod:MothsMistake"],"picked":"SKIP","floor":1.0},{"not_picked":["HollowMod:DoubleDash","HollowMod:HowlingWraiths","HollowMod:SoulStrike"],"picked":"SKIP","floor":2.0},{"not_picked":["HollowMod:CycloneSlash","HollowMod:SoulVessel"],"picked":"HollowMod:PerfectDash","floor":3.0},{"not_picked":["HollowMod:PogoStrike","HollowMod:AbyssShriek"],"picked":"HollowMod:BlackWings","floor":8.0},{"not_picked":["HollowMod:InfectedCysts","HollowMod:DashSlash"],"picked":"HollowMod:SiblingsSouls","floor":10.0},{"not_picked":["HollowMod:ChannelNail","HollowMod:LifebloodCocoon","HollowMod:QuirrelsAssistance"],"picked":"SKIP","floor":13.0},{"not_picked":["HollowMod:SharpenedNail+1","HollowMod:AbyssShriek+1"],"picked":"HollowMod:HerrahsAnger+1","floor":14.0},{"not_picked":["HollowMod:RadiancesLament","HollowMod:Weaversong"],"picked":"HollowMod:VoidDash","floor":16.0},{"not_picked":["HollowMod:VengefulSpirit+1","HollowMod:CoiledNail+1"],"picked":"HollowMod:CloakDash","floor":17.0},{"not_picked":["HollowMod:MonomonsArchive+1","HollowMod:HowlingWraiths+1","HollowMod:CycloneSlash+1"],"picked":"SKIP","floor":18.0},{"not_picked":["HollowMod:PerfectDash","HollowMod:LifebloodCocoon","HollowMod:CycloneSlash+1"],"picked":"SKIP","floor":19.0},{"not_picked":["HollowMod:SoulVessel+1","HollowMod:Weaversong","HollowMod:DesolateDive+1"],"picked":"SKIP","floor":22.0},{"not_picked":["HollowMod:CycloneSlash+1","HollowMod:AbyssShriek+1","HollowMod:ChannelNail"],"picked":"SKIP","floor":24.0},{"not_picked":["HollowMod:HeavyBlow+1","HollowMod:InfectedAttack+1","HollowMod:SoulStrike+1"],"picked":"SKIP","floor":25.0},{"not_picked":["HollowMod:DungDefenderAura+1","HollowMod:MothsMistake","HollowMod:FallenFury+1"],"picked":"SKIP","floor":27.0},{"not_picked":["HollowMod:SoulShaman+1","HollowMod:Grubsong"],"picked":"HollowMod:SlysStrikes","floor":29}],"player_experience":39855,"relics_obtained":[{"floor":8.0,"key":"Juzu Bracelet"},{"floor":9.0,"key":"Kunai"},{"floor":13.0,"key":"Molten Egg 2"},{"floor":24.0,"key":"Dodecahedron"},{"floor":26.0,"key":"Letter Opener"},{"floor":29,"key":"Strawberry"}],"event_choices":[{"damage_healed":0.0,"max_hp_gain":0.0,"max_hp_loss":0.0,"gold_gain":0.0,"event_name":"Scrap Ooze","player_choice":"Success","floor":5.0,"gold_loss":0.0,"damage_taken":7.0,"relics_obtained":["Smiling Mask"]},{"cards_removed":["HollowMod:PerfectDash"],"damage_healed":0.0,"max_hp_gain":0.0,"max_hp_loss":0.0,"gold_gain":0.0,"event_name":"The Cleric","player_choice":"Card Removal","floor":7.0,"gold_loss":50.0,"damage_taken":0.0},{"damage_healed":0.0,"max_hp_gain":0.0,"max_hp_loss":0.0,"gold_gain":0.0,"event_name":"Dead Adventurer","player_choice":"Searched \u00272\u0027 times","floor":8.0,"gold_loss":0.0,"damage_taken":0.0},{"damage_healed":0.0,"max_hp_gain":0.0,"max_hp_loss":0.0,"gold_gain":0.0,"event_name":"Living Wall","player_choice":"Grow","floor":11.0,"gold_loss":0.0,"damage_taken":0.0,"cards_upgraded":["HollowMod:BlackWings"]},{"damage_healed":0.0,"max_hp_gain":0.0,"max_hp_loss":0.0,"gold_gain":0.0,"event_name":"Designer","player_choice":"Upgraded Two","floor":21.0,"gold_loss":40.0,"damage_taken":0.0,"cards_upgraded":["HollowMod:CloakDash","HollowMod:DescendingDark"]},{"damage_healed":0.0,"max_hp_gain":0.0,"max_hp_loss":0.0,"gold_gain":0.0,"event_name":"Addict","player_choice":"Obtained Relic","floor":28.0,"gold_loss":85.0,"damage_taken":0.0,"relics_obtained":["Vajra"]},{"damage_healed":0,"gold_gain":0,"player_choice":"Ignored","damage_taken":0,"max_hp_gain":0,"max_hp_loss":0,"event_name":"Ghosts","floor":30,"gold_loss":0}],"is_beta":false,"boss_relics":[{"not_picked":["Empty Cage","Runic Pyramid"],"picked":"Tiny House"}],"items_purged_floors":[],"is_endless":false,"potions_floor_spawned":[1,2,13,16,18,22,27],"killed_by":"Champ","ascension_level":2}