{"gold_per_floor":[118,130,143,143,157,157,36,36,59,59,74,74,105,116,116,213,213,225,33,132,143,8,39,49,80,80,80,80,113,125,149,161,273,285,312,324,736,767,654,654,654,666,666,686,697,697,721,731,731,731],"floor_reached":51,"playtime":4163,"items_purged":["HollowMod:SoulTotem","HollowMod:CycloneSlash","HollowMod:PogoStrike"],"score":432,"play_id":"1c116cdc-f557-4be8-918f-5640a11b08e9","local_time":"20190518185907","daily_mods":["SealedDeck"],"is_ascension_mode":false,"campfire_choices":[{"data":"HollowMod:MidwifesHunger","floor":6.0,"key":"SMITH"},{"data":"HollowMod:MantisMark","floor":8.0,"key":"SMITH"},{"data":"HollowMod:LifebloodCocoon","floor":10.0,"key":"SMITH"},{"data":"HollowMod:SlysStrikes","floor":15.0,"key":"SMITH"},{"data":"HollowMod:GrimmsGift","floor":28.0,"key":"SMITH"},{"data":"HollowMod:ElderbugsWisdom","floor":30.0,"key":"SMITH"},{"floor":32.0,"key":"REST"},{"data":"HollowMod:MantisMark","floor":40.0,"key":"SMITH"},{"floor":49.0,"key":"REST"}],"neow_cost":"","seed_source_timestamp":0,"circlet_count":0,"master_deck":["HollowMod:PogoStrike+1","HollowMod:PogoStrike","HollowMod:MantisMark+1","HollowMod:MantisMark","HollowMod:MantisMark+1","HollowMod:MidwifesHunger+1","HollowMod:PogoStrike","HollowMod:GrimmsGift+1","HollowMod:ConfessorsAdvice","HollowMod:LifebloodCocoon+1","HollowMod:CloakDash","HollowMod:SlysStrikes+1","HollowMod:HornetsHelp","HollowMod:QuirrelsAssistance+1","HollowMod:ElderbugsWisdom+1","HollowMod:HuntersJournal","HollowMod:HornetsHelp","HollowMod:ZotesMagnificence","HollowMod:ZotesMagnificence","HollowMod:PerfectDash","Violence","Parasite","HollowMod:CloakDash+1"],"special_seed":0,"relics":["HollowMod:VesselMask","Regal Pillow","Bag of Preparation","Black Star","Frozen Eye","Whetstone","Pear","Bottled Flame","Mercury Hourglass","Blue Candle","Bird Faced Urn","MawBank","Sozu","Old Coin","Centennial Puzzle","Anchor"],"potions_floor_usage":[],"damage_taken":[{"damage":0.0,"enemies":"Cultist","floor":1.0,"turns":2.0},{"damage":0.0,"enemies":"Small Slimes","floor":2.0,"turns":2.0},{"damage":11.0,"enemies":"Jaw Worm","floor":3.0,"turns":2.0},{"damage":13.0,"enemies":"Red Slaver","floor":5.0,"turns":2.0},{"damage":0.0,"enemies":"Large Slime","floor":11.0,"turns":2.0},{"damage":22.0,"enemies":"3 Sentries","floor":13.0,"turns":4.0},{"damage":6.0,"enemies":"Exordium Wildlife","floor":14.0,"turns":2.0},{"damage":9.0,"enemies":"HollowMod:FalseKnight","floor":16.0,"turns":3.0},{"damage":6.0,"enemies":"2 Thieves","floor":18.0,"turns":3.0},{"damage":4.0,"enemies":"Chosen","floor":21.0,"turns":2.0},{"damage":12.0,"enemies":"Book of Stabbing","floor":23.0,"turns":2.0},{"damage":0.0,"enemies":"Centurion and Healer","floor":24.0,"turns":2.0},{"damage":17.0,"enemies":"Gremlin Leader","floor":25.0,"turns":3.0},{"damage":9.0,"enemies":"Slavers","floor":29.0,"turns":3.0},{"damage":15.0,"enemies":"Snake Plant","floor":31.0,"turns":2.0},{"damage":16.0,"enemies":"Champ","floor":33.0,"turns":4.0},{"damage":0.0,"enemies":"3 Shapes","floor":35.0,"turns":2.0},{"damage":0.0,"enemies":"Mind Bloom Boss Battle","floor":37.0,"turns":3.0},{"damage":0.0,"enemies":"Orb Walker","floor":38.0,"turns":1.0},{"damage":12.0,"enemies":"3 Darklings","floor":42.0,"turns":3.0},{"damage":34.0,"enemies":"4 Shapes","floor":44.0,"turns":2.0},{"damage":0.0,"enemies":"Writhing Mass","floor":45.0,"turns":2.0},{"damage":0.0,"enemies":"Jaw Worm Horde","floor":48.0,"turns":2.0},{"damage":66,"enemies":"HollowMod:Radiance","floor":50,"turns":14}],"seed_played":"4608243557707088719","potions_obtained":[{"floor":2.0,"key":"GamblersBrew"},{"floor":13.0,"key":"Block Potion"},{"floor":14.0,"key":"FearPotion"},{"floor":21.0,"key":"Fire Potion"},{"floor":25.0,"key":"SkillPotion"},{"floor":29.0,"key":"Swift Potion"}],"is_trial":true,"path_per_floor":["M","M","M","?","M","R","$","R","T","R","M","$","E","M","R","B",null,"M","$","?","M","$","E","M","E","T","?","R","E","R","M","R","B",null,"M","?","?","M","$","R","?","M","T","M","M","?","T","M","R","B",null],"character_chosen":"THE_BUGKNIGHT","items_purchased":["HollowMod:LifebloodCocoon","Frozen Eye","HollowMod:QuirrelsAssistance"],"campfire_rested":2,"item_purchase_floors":[7,19,22],"current_hp_per_floor":[75,75,64,64,51,51,51,51,51,51,51,51,29,23,23,14,75,69,69,69,65,65,63,63,46,46,67,67,58,58,47,85,69,85,85,85,85,85,85,85,85,73,73,43,47,47,47,51,85,19],"gold":731,"neow_bonus":"","is_prod":false,"is_daily":false,"chose_seed":false,"campfire_upgraded":7,"win_rate":0.0,"timestamp":1558223947,"path_taken":["M","M","M","?","?","R","$","R","T","R","M","?","E","M","R","BOSS","M","?","?","M","$","E","M","E","T","?","R","E","R","M","R","BOSS","M","?","?","M","?","R","?","?","T","M","M","?","?","M","R","BOSS"],"build_version":"2019-01-23","purchased_purges":3,"victory":true,"max_hp_per_floor":[75,75,75,75,75,75,75,75,75,75,75,75,75,75,75,75,75,75,75,75,75,75,85,85,85,85,85,85,85,85,85,85,85,85,85,85,85,85,85,85,85,85,85,85,85,85,85,85,85,85],"card_choices":[{"not_picked":["HollowMod:HowlingWraiths","HollowMod:DreamGate"],"picked":"HollowMod:PogoStrike","floor":1.0},{"not_picked":["HollowMod:DoubleDash","HollowMod:SoulVessel"],"picked":"HollowMod:GrimmsGift","floor":2.0},{"not_picked":["HollowMod:HeavyBlow","HollowMod:CloakDash"],"picked":"HollowMod:ConfessorsAdvice","floor":3.0},{"not_picked":["HollowMod:MawleksShell","HollowMod:SoulShaman","HollowMod:SoulStrike"],"picked":"SKIP","floor":5.0},{"not_picked":["HollowMod:SoulStrike","HollowMod:SoulTotem"],"picked":"HollowMod:CloakDash","floor":11.0},{"not_picked":["HollowMod:FastStrike","HollowMod:DoubleDash"],"picked":"HollowMod:SlysStrikes","floor":13.0},{"not_picked":["HollowMod:DescendingDark","HollowMod:DashSlash","HollowMod:MonarchWings"],"picked":"SKIP","floor":14.0},{"not_picked":["HollowMod:Hiveblood","HollowMod:SharpenedShadows"],"picked":"HollowMod:HornetsHelp","floor":16.0},{"not_picked":["HollowMod:InfectedCysts","HollowMod:HowlingWraiths","HollowMod:VengefulSpirit"],"picked":"SKIP","floor":18.0},{"not_picked":["HollowMod:BlackTendrils","HollowMod:VengefulVoid","HollowMod:FallenFury"],"picked":"SKIP","floor":21.0},{"not_picked":["HollowMod:DesolateDive","HollowMod:CycloneSlash"],"picked":"HollowMod:ElderbugsWisdom","floor":23.0},{"not_picked":["HollowMod:ThornsofAgony","HollowMod:TaintedHusks"],"picked":"HollowMod:HuntersJournal","floor":24.0},{"not_picked":["HollowMod:HowlingWraiths","HollowMod:MawleksShell+1"],"picked":"HollowMod:HornetsHelp","floor":25.0},{"not_picked":["HollowMod:WraithStrike","HollowMod:PogoStrike+1"],"picked":"HollowMod:ZotesMagnificence","floor":29.0},{"not_picked":["HollowMod:ShadowDash","HollowMod:Grubsong+1","HollowMod:VengefulVoid"],"picked":"SKIP","floor":31.0},{"not_picked":["HollowMod:SharpenedShadows","HollowMod:BrokenVessel"],"picked":"HollowMod:ZotesMagnificence","floor":33.0},{"not_picked":["HollowMod:HuntersJournal","HollowMod:ChannelNail"],"picked":"HollowMod:PerfectDash","floor":35.0},{"not_picked":["Chrysalis","Panacea"],"picked":"Violence","floor":36.0},{"not_picked":["HollowMod:StalwartShell+1","HollowMod:FallenFury+1","HollowMod:FastStrike"],"picked":"SKIP","floor":38.0},{"not_picked":["HollowMod:SoulSplash+1","HollowMod:StalwartShell","HollowMod:InfectionAssault+1"],"picked":"SKIP","floor":42.0},{"not_picked":["HollowMod:PogoStrike","HollowMod:SoulEater","HollowMod:TaintedHusks"],"picked":"SKIP","floor":44.0},{"not_picked":["HollowMod:ShapeofUnn","HollowMod:DungDefenderAura+1","HollowMod:MonarchWings"],"picked":"SKIP","floor":45.0},{"not_picked":["HollowMod:SoulSplash+1","HollowMod:PureNailStrike"],"picked":"HollowMod:CloakDash+1","floor":48.0}],"player_experience":8074,"relics_obtained":[{"floor":9.0,"key":"Regal Pillow"},{"floor":13.0,"key":"Bag of Preparation"},{"floor":23.0,"key":"Whetstone"},{"floor":23.0,"key":"Pear"},{"floor":25.0,"key":"Bottled Flame"},{"floor":25.0,"key":"Mercury Hourglass"},{"floor":26.0,"key":"Blue Candle"},{"floor":29.0,"key":"Bird Faced Urn"},{"floor":29.0,"key":"MawBank"},{"floor":37.0,"key":"Old Coin"},{"floor":43.0,"key":"Centennial Puzzle"},{"floor":47.0,"key":"Anchor"}],"event_choices":[{"cards_removed":["HollowMod:FallenFury"],"damage_healed":0.0,"max_hp_gain":0.0,"max_hp_loss":0.0,"gold_gain":0.0,"event_name":"Purifier","player_choice":"Purged","floor":4.0,"gold_loss":0.0,"damage_taken":0.0},{"damage_healed":0.0,"max_hp_gain":0.0,"max_hp_loss":0.0,"gold_gain":99.0,"event_name":"Nest","player_choice":"Stole From Cult","floor":20.0,"gold_loss":0.0,"damage_taken":0.0},{"damage_healed":0.0,"max_hp_gain":0.0,"max_hp_loss":0.0,"gold_gain":0.0,"event_name":"SensoryStone","player_choice":"Memory 1","floor":36.0,"gold_loss":0.0,"damage_taken":0.0},{"damage_healed":0.0,"max_hp_gain":0.0,"max_hp_loss":0.0,"gold_gain":0.0,"event_name":"MindBloom","player_choice":"Fight","floor":37.0,"gold_loss":0.0,"damage_taken":0.0},{"damage_healed":0.0,"max_hp_gain":0.0,"max_hp_loss":0.0,"gold_gain":0.0,"event_name":"NoteForYourself","player_choice":"Ignored","floor":41.0,"gold_loss":0.0,"damage_taken":0.0},{"damage_healed":0.0,"max_hp_gain":0.0,"max_hp_loss":0.0,"gold_gain":0.0,"event_name":"Tomb of Lord Red Mask","player_choice":"Ignored","floor":46.0,"gold_loss":0.0,"damage_taken":0.0}],"is_beta":false,"boss_relics":[{"not_picked":["Cursed Key","Orrery"],"picked":"Black Star"},{"not_picked":["Velvet Choker","Philosopher\u0027s Stone"],"picked":"Sozu"}],"items_purged_floors":[7,22,39],"is_endless":false,"potions_floor_spawned":[2,13,14,21,25,29,38,45,48],"ascension_level":0}