{"gold_per_floor":[112,112,128,138,138,138,150,150,174,190,207,228,328,346,346,346],"floor_reached":16,"playtime":1178,"items_purged":[],"score":94,"play_id":"c8a3b65e-9145-46ab-ac63-eb590faf272d","local_time":"20190523010612","daily_mods":["SealedDeck"],"is_ascension_mode":false,"campfire_choices":[{"data":"HollowMod:SoulStrike","floor":6.0,"key":"SMITH"},{"data":"HollowMod:SoulEater","floor":15,"key":"SMITH"}],"neow_cost":"","seed_source_timestamp":0,"circlet_count":0,"master_deck":["HollowMod:CycloneSlash","HollowMod:RecoilStrike","HollowMod:DashSlash","HollowMod:SiblingsSouls","HollowMod:DashSlash","HollowMod:SoulStrike+1","HollowMod:ChannelNail+1","HollowMod:SoulEater+1","HollowMod:SoulSplash","HollowMod:SoulVessel","HollowMod:HowlingWraiths"],"special_seed":0,"relics":["HollowMod:VesselMask","FossilizedHelix","PreservedInsect","Odd Mushroom"],"potions_floor_usage":[12,12],"damage_taken":[{"damage":2.0,"enemies":"Small Slimes","floor":1.0,"turns":3.0},{"damage":0.0,"enemies":"Cultist","floor":3.0,"turns":3.0},{"damage":3.0,"enemies":"Jaw Worm","floor":4.0,"turns":2.0},{"damage":9.0,"enemies":"Red Slaver","floor":7.0,"turns":3.0},{"damage":0.0,"enemies":"3 Louse","floor":10.0,"turns":2.0},{"damage":0,"enemies":"Large Slime","floor":11,"turns":5},{"damage":0,"enemies":"The Mushroom Lair","floor":12,"turns":3},{"damage":18,"enemies":"Exordium Thugs","floor":14,"turns":3},{"damage":50,"enemies":"HollowMod:FalseKnight","floor":16,"turns":5}],"seed_played":"-6045638930804828846","potions_obtained":[{"floor":4.0,"key":"Fire Potion"},{"floor":7.0,"key":"Block Potion"},{"floor":10.0,"key":"Ancient Potion"}],"is_trial":true,"path_per_floor":["M","?","M","M","?","R","M","T","T","M","M","?","?","M","R","B"],"character_chosen":"THE_BUGKNIGHT","items_purchased":[],"campfire_rested":0,"item_purchase_floors":[],"current_hp_per_floor":[73,73,73,70,70,70,61,61,61,61,61,61,61,43,43,0],"gold":346,"neow_bonus":"","is_prod":false,"is_daily":false,"chose_seed":false,"campfire_upgraded":2,"win_rate":0,"timestamp":1558591572,"path_taken":["M","?","?","M","?","R","M","?","T","?","M","?","?","M","R","BOSS"],"build_version":"2019-01-23","purchased_purges":0,"victory":false,"max_hp_per_floor":[75,75,75,75,75,75,75,75,75,75,75,75,75,75,75,75],"card_choices":[{"not_picked":["HollowMod:SiblingsSouls","HollowMod:DungDefenderAura","HollowMod:ThornsofAgony"],"picked":"SKIP","floor":1.0},{"not_picked":["HollowMod:DescendingDark","HollowMod:SoulSplash","HollowMod:MawleksShell"],"picked":"SKIP","floor":3.0},{"not_picked":["HollowMod:SoulSplash","HollowMod:FallenFury","HollowMod:BrokenVessel"],"picked":"SKIP","floor":4.0},{"not_picked":["HollowMod:DoubleDash","HollowMod:MothsMistake"],"picked":"HollowMod:SoulVessel","floor":7.0},{"not_picked":["HollowMod:LifebloodCocoon","HollowMod:LifebloodHeart","HollowMod:MothsMistake"],"picked":"SKIP","floor":10.0},{"not_picked":["HollowMod:DashSlash","HollowMod:PerfectDash","HollowMod:FallenFury"],"picked":"SKIP","floor":11},{"not_picked":["HollowMod:VengefulVoid","HollowMod:InfectionAssault"],"picked":"HollowMod:HowlingWraiths","floor":12},{"not_picked":["HollowMod:PerfectDash","HollowMod:FallenFury","HollowMod:InfectionAssault"],"picked":"SKIP","floor":14}],"player_experience":22446,"relics_obtained":[{"floor":8.0,"key":"FossilizedHelix"},{"floor":9.0,"key":"PreservedInsect"},{"floor":12,"key":"Odd Mushroom"}],"event_choices":[{"damage_healed":0.0,"max_hp_gain":0.0,"max_hp_loss":0.0,"gold_gain":0.0,"event_name":"Accursed Blacksmith","player_choice":"Forge","floor":2.0,"gold_loss":0.0,"damage_taken":0.0,"cards_upgraded":["HollowMod:ChannelNail"]},{"cards_removed":["HollowMod:GoodIntentions"],"damage_healed":0.0,"max_hp_gain":0.0,"max_hp_loss":0.0,"gold_gain":0.0,"event_name":"Living Wall","player_choice":"Forget","floor":5.0,"gold_loss":0.0,"damage_taken":0.0},{"damage_healed":0,"gold_gain":0,"player_choice":"Fought Mushrooms","damage_taken":0,"max_hp_gain":0,"max_hp_loss":0,"event_name":"Mushrooms","floor":12,"gold_loss":0},{"damage_healed":0,"gold_gain":100,"player_choice":"Gold","damage_taken":0,"max_hp_gain":0,"max_hp_loss":0,"event_name":"Wheel of Change","floor":13,"gold_loss":0}],"is_beta":false,"boss_relics":[],"items_purged_floors":[],"is_endless":false,"potions_floor_spawned":[4,7,10],"killed_by":"HollowMod:FalseKnight","ascension_level":0}