{"gold_per_floor":[109,128,128,17,192,192,224,236,236,264,264,264],"floor_reached":12,"playtime":296,"items_purged":["HollowMod:CornifersMapStart"],"score":115,"play_id":"0f7c8223-281a-4061-a52b-e0eca56f69e1","local_time":"20190527122907","is_ascension_mode":true,"campfire_choices":[{"data":"HollowMod:MantisMark","floor":6,"key":"SMITH"},{"data":"HollowMod:DescendingDark","floor":11,"key":"SMITH"}],"neow_cost":"NONE","seed_source_timestamp":739210501474841,"circlet_count":0,"master_deck":["HollowMod:NailStrikeStart","HollowMod:NailStrikeStart","HollowMod:NailStrikeStart","HollowMod:NailStrikeStart","HollowMod:QuickDashStart+1","HollowMod:QuickDashStart+1","HollowMod:QuickDashStart","HollowMod:QuickDashStart","HollowMod:MantisMark+1","Doubt","HollowMod:DescendingDark+1","HollowMod:CloakDash"],"relics":["HollowMod:VesselMask","Pear","Mummified Hand","War Paint"],"potions_floor_usage":[10],"damage_taken":[{"damage":15,"enemies":"Small Slimes","floor":1,"turns":4},{"damage":2,"enemies":"2 Louse","floor":2,"turns":3},{"damage":37,"enemies":"Gremlin Nob","floor":7,"turns":5},{"damage":6,"enemies":"Jaw Worm","floor":8,"turns":3},{"damage":26,"enemies":"3 Sentries","floor":10,"turns":6},{"damage":7,"enemies":"Exordium Thugs","floor":12,"turns":1}],"seed_played":"301261172691759798","potions_obtained":[{"floor":2,"key":"Poison Potion"},{"floor":7,"key":"Block Potion"}],"is_trial":false,"path_per_floor":["M","M","?","$","?","R","E","M","T","E","R","M"],"character_chosen":"THE_BUGKNIGHT","items_purchased":["HollowMod:MantisMark"],"campfire_rested":0,"item_purchase_floors":[4],"current_hp_per_floor":[67,71,64,64,64,64,37,31,31,5,5,0],"gold":264,"neow_bonus":"TEN_PERCENT_HP_BONUS","is_prod":false,"is_daily":false,"chose_seed":false,"campfire_upgraded":2,"win_rate":0,"timestamp":1558978147,"path_taken":["M","M","?","$","?","R","E","M","T","E","R","M"],"build_version":"2019-01-23","purchased_purges":1,"victory":false,"max_hp_per_floor":[82,82,82,82,82,82,92,92,92,92,92,92],"card_choices":[{"not_picked":["HollowMod:DashSlash","HollowMod:InfectedAttack","HollowMod:SoulVessel"],"picked":"SKIP","floor":1},{"not_picked":["HollowMod:GoodIntentions","HollowMod:FallenFury","HollowMod:ConfessorsAdvice"],"picked":"SKIP","floor":2},{"not_picked":["HollowMod:CrystalDash","HollowMod:FallenFury","HollowMod:DesolateDive"],"picked":"SKIP","floor":7},{"not_picked":["HollowMod:ConfessorsAdvice","HollowMod:MawleksShell"],"picked":"HollowMod:DescendingDark","floor":8},{"not_picked":["HollowMod:SoulSplash","HollowMod:FallenFury"],"picked":"HollowMod:CloakDash","floor":10}],"player_experience":42113,"relics_obtained":[{"floor":7,"key":"Pear"},{"floor":9,"key":"Mummified Hand"},{"floor":10,"key":"War Paint"}],"event_choices":[{"cards_removed":["HollowMod:FocusHealStart"],"damage_healed":0,"gold_gain":0,"player_choice":"Card Removal","damage_taken":7,"max_hp_gain":0,"max_hp_loss":0,"event_name":"Golden Wing","floor":3,"gold_loss":0},{"damage_healed":0,"gold_gain":175,"player_choice":"AGREE","damage_taken":0,"max_hp_gain":0,"max_hp_loss":0,"event_name":"Liars Game","floor":5,"gold_loss":0,"cards_obtained":["Doubt"]}],"is_beta":false,"boss_relics":[],"items_purged_floors":[4],"is_endless":false,"potions_floor_spawned":[2,7],"killed_by":"Exordium Thugs","ascension_level":1}