{"gold_per_floor":[99,99,99,99,99,99,99,99,99,99,153],"floor_reached":11,"playtime":64,"items_purged":[],"score":129,"play_id":"44b2054f-f9bd-4b16-8f9d-a79a9caf9297","local_time":"20190601141000","is_ascension_mode":true,"campfire_choices":[{"data":"HollowMod:QuickDashStart","floor":10,"key":"SMITH"}],"neow_cost":"NONE","seed_source_timestamp":0,"circlet_count":0,"master_deck":["HollowMod:NailStrikeStart","HollowMod:NailStrikeStart","HollowMod:NailStrikeStart","HollowMod:NailStrikeStart","HollowMod:QuickDashStart","HollowMod:QuickDashStart","HollowMod:QuickDashStart","HollowMod:QuickDashStart+1","HollowMod:FocusHealStart","HollowMod:CornifersMapStart"],"special_seed":0,"relics":["HollowMod:VesselMask","Torii","Bag of Preparation"],"potions_floor_usage":[],"damage_taken":[{"damage":0,"enemies":"2 Louse","floor":1,"turns":1},{"damage":0,"enemies":"Cultist","floor":4,"turns":1},{"damage":0,"enemies":"Jaw Worm","floor":5,"turns":1},{"damage":0,"enemies":"Lagavulin","floor":6,"turns":1},{"damage":0,"enemies":"Exordium Wildlife","floor":7,"turns":1}],"seed_played":"-4259415490551304030","potions_obtained":[],"is_trial":false,"path_per_floor":["M","?","?","M","M","E","M","?","T","R","T"],"character_chosen":"THE_BUGKNIGHT","items_purchased":[],"campfire_rested":0,"item_purchase_floors":[],"current_hp_per_floor":[82,82,82,82,82,82,82,82,82,82,82],"gold":153,"neow_bonus":"TEN_PERCENT_HP_BONUS","is_prod":false,"is_daily":false,"chose_seed":false,"campfire_upgraded":1,"win_rate":0,"timestamp":1559416200,"path_taken":["M","?","?","?","?","E","M","?","T","R","?"],"build_version":"2019-01-23","purchased_purges":0,"victory":false,"max_hp_per_floor":[82,82,82,82,82,82,82,82,82,82,82],"card_choices":[{"not_picked":["HollowMod:TaintedHusks","HollowMod:NewJinnsSoul","HollowMod:DoubleDash"],"picked":"SKIP","floor":1},{"not_picked":["HollowMod:LifebloodCocoon","HollowMod:HowlingWraiths","HollowMod:MonarchWings"],"picked":"SKIP","floor":4},{"not_picked":["HollowMod:ShadowDash","HollowMod:BaldurShell","HollowMod:InfectedAttack"],"picked":"SKIP","floor":5},{"not_picked":["HollowMod:ConfessorsAdvice","HollowMod:PureNailStrike","HollowMod:BlackTendrils"],"picked":"SKIP","floor":6},{"not_picked":["HollowMod:ChannelNail","HollowMod:ZotesMagnificence","HollowMod:InfectedCysts"],"picked":"SKIP","floor":7}],"player_experience":46467,"relics_obtained":[{"floor":9,"key":"Torii"},{"floor":11,"key":"Bag of Preparation"}],"event_choices":[{"damage_healed":0,"gold_gain":0,"player_choice":"Ignored","damage_taken":0,"max_hp_gain":0,"max_hp_loss":0,"event_name":"Liars Game","floor":2,"gold_loss":0},{"damage_healed":0,"gold_gain":0,"player_choice":"Ignored","damage_taken":0,"max_hp_gain":0,"max_hp_loss":0,"event_name":"Transmorgrifier","floor":3,"gold_loss":0},{"damage_healed":0,"gold_gain":0,"player_choice":"Fled","damage_taken":0,"max_hp_gain":0,"max_hp_loss":0,"event_name":"Scrap Ooze","floor":8,"gold_loss":0}],"is_beta":false,"boss_relics":[],"items_purged_floors":[],"is_endless":false,"potions_floor_spawned":[4],"ascension_level":1}