{"gold_per_floor":[113,132,146,161,161,176,176,50,50,50,50,103,128,148,148,247,247,257,2,14,14,24,24,24,24,24,53,69,69,69,69,69,166,166,178,178,178,178,190,217,217,244,268,297,297,297,297],"floor_reached":47,"playtime":1626,"items_purged":["HollowMod:FocusHealStart","HollowMod:CornifersMapStart"],"score":713,"play_id":"fd34d019-7048-49e4-8fc7-82a5e7a7c633","local_time":"20190530235541","is_ascension_mode":true,"campfire_choices":[{"data":"HollowMod:HerrahsAnger","floor":7,"key":"SMITH"},{"data":"HollowMod:RecoilStrike","floor":10,"key":"SMITH"},{"data":"HollowMod:ShadowDash","floor":15,"key":"SMITH"},{"data":"HollowMod:ElderbugsWisdom","floor":23,"key":"SMITH"},{"floor":25,"key":"REST"},{"floor":30,"key":"REST"},{"data":"HollowMod:VengefulVoid","floor":32,"key":"SMITH"},{"data":"HollowMod:VengefulVoid","floor":41,"key":"SMITH"},{"data":"HollowMod:LifebloodCocoon","floor":46,"key":"SMITH"}],"neow_cost":"NONE","seed_source_timestamp":1038273549313750,"circlet_count":0,"master_deck":["HollowMod:NailStrikeStart","HollowMod:NailStrikeStart","HollowMod:NailStrikeStart","HollowMod:QuickDashStart","HollowMod:QuickDashStart","HollowMod:QuickDashStart","HollowMod:QuickDashStart","HollowMod:LifebloodCocoon+1","HollowMod:PogoStrike","HollowMod:VengefulVoid+1","HollowMod:HerrahsAnger+1","HollowMod:RecoilStrike+1","HollowMod:ShadowDash+1","HollowMod:ElderbugsWisdom+1","HollowMod:CloakDash","HollowMod:SiblingsSouls+1","HollowMod:NewLittleFool+1","HollowMod:VengefulVoid+1","HollowMod:theNailsmith+1","HollowMod:FallenFury","HollowMod:BlackTendrils+1"],"relics":["HollowMod:VesselMask","Dodecahedron","Happy Flower","Sundial","White Beast Statue","Juzu Bracelet","HollowMod:QueensCombRelic","HollowMod:MillibellesNoteRelic","Centennial Puzzle","Lizard Tail","Toxic Egg 2","Strawberry","Anchor","Oddly Smooth Stone"],"potions_floor_usage":[13,14,16,16,22,27,28,39,42],"damage_taken":[{"damage":0,"enemies":"2 Louse","floor":1,"turns":1},{"damage":0,"enemies":"Cultist","floor":2,"turns":1},{"damage":0,"enemies":"Jaw Worm","floor":3,"turns":1},{"damage":0,"enemies":"2 Fungi Beasts","floor":4,"turns":1},{"damage":17,"enemies":"Blue Slaver","floor":6,"turns":3},{"damage":12,"enemies":"HollowMod:MossKnight","floor":13,"turns":6},{"damage":21,"enemies":"Exordium Thugs","floor":14,"turns":5},{"damage":5,"enemies":"Slime Boss","floor":16,"turns":6},{"damage":26,"enemies":"Shell Parasite","floor":18,"turns":4},{"damage":25,"enemies":"3 Byrds","floor":20,"turns":6},{"damage":2,"enemies":"Cultist and Chosen","floor":22,"turns":6},{"damage":37,"enemies":"Slavers","floor":27,"turns":6},{"damage":28,"enemies":"Chosen and Byrds","floor":28,"turns":6},{"damage":0,"enemies":"HollowMod:NKGrimm","floor":33,"turns":1},{"damage":38,"enemies":"3 Shapes","floor":35,"turns":5},{"damage":4,"enemies":"3 Darklings","floor":39,"turns":3},{"damage":0,"enemies":"Giant Head","floor":40,"turns":1},{"damage":0,"enemies":"Nemesis","floor":42,"turns":1},{"damage":0,"enemies":"Reptomancer","floor":44,"turns":1},{"damage":80,"enemies":"HollowMod:StalkingDevout","floor":47,"turns":5}],"seed_played":"5133489398356949724","potions_obtained":[{"floor":3,"key":"FearPotion"},{"floor":6,"key":"AttackPotion"},{"floor":13,"key":"Regen Potion"},{"floor":14,"key":"Swift Potion"},{"floor":18,"key":"Regen Potion"},{"floor":20,"key":"Ancient Potion"},{"floor":22,"key":"SkillPotion"},{"floor":27,"key":"Regen Potion"},{"floor":28,"key":"Fire Potion"},{"floor":33,"key":"LiquidBronze"},{"floor":35,"key":"Fire Potion"},{"floor":39,"key":"Regen Potion"},{"floor":42,"key":"Weak Potion"}],"is_trial":false,"path_per_floor":["M","M","M","M","?","M","R","$","T","R","$","T","E","M","R","B",null,"M","$","M","?","M","R","?","R","T","E","M","$","R","T","R","B",null,"M","?","?","?","M","E","R","E","T","E","$","R","E"],"character_chosen":"THE_BUGKNIGHT","items_purchased":["HollowMod:RecoilStrike","Juzu Bracelet"],"campfire_rested":2,"item_purchase_floors":[8,19],"current_hp_per_floor":[82,82,82,82,74,57,57,57,57,57,57,57,45,38,38,33,82,56,56,31,31,44,44,44,68,68,4,7,7,19,19,19,23,41,3,3,3,3,7,11,11,22,22,26,26,26,0],"gold":297,"neow_bonus":"TEN_PERCENT_HP_BONUS","is_prod":false,"is_daily":false,"chose_seed":false,"campfire_upgraded":7,"win_rate":0,"timestamp":1559278541,"path_taken":["M","M","M","M","?","M","R","$","T","R","$","?","E","M","R","BOSS","M","$","M","?","M","R","?","R","T","E","M","$","R","?","R","BOSS","M","?","?","?","M","E","R","E","T","E","$","R","E"],"build_version":"2019-01-23","purchased_purges":2,"victory":false,"max_hp_per_floor":[82,82,82,82,82,82,82,82,82,82,82,82,82,82,82,82,82,82,82,82,82,82,82,82,82,41,41,41,41,41,41,41,41,41,41,41,41,41,41,41,41,48,48,48,48,48,48],"card_choices":[{"not_picked":["HollowMod:BaldurShell","HollowMod:ChannelNail"],"picked":"HollowMod:LifebloodCocoon","floor":1},{"not_picked":["HollowMod:Grubsong","HollowMod:SoulShaman","HollowMod:SoulStrike"],"picked":"SKIP","floor":2},{"not_picked":["HollowMod:MawleksShell","HollowMod:SoulSplash"],"picked":"HollowMod:PogoStrike","floor":3},{"not_picked":["HollowMod:TaintedHusks","HollowMod:ChannelNail"],"picked":"HollowMod:VengefulVoid","floor":4},{"not_picked":["HollowMod:VengefulVoid","HollowMod:ShadowDash"],"picked":"HollowMod:HerrahsAnger","floor":6},{"not_picked":["HollowMod:MawleksShell","HollowMod:ChannelNail","HollowMod:HowlingWraiths"],"picked":"SKIP","floor":13},{"not_picked":["HollowMod:DreamGate","HollowMod:DashSlash"],"picked":"HollowMod:ShadowDash","floor":14},{"not_picked":["HollowMod:Hiveblood","HollowMod:ZotesMagnificence"],"picked":"HollowMod:ElderbugsWisdom","floor":16},{"not_picked":["HollowMod:FallenFury+1","HollowMod:SiblingsSouls"],"picked":"HollowMod:CloakDash","floor":18},{"not_picked":["HollowMod:SoulStrike","HollowMod:MonarchWings"],"picked":"HollowMod:SiblingsSouls+1","floor":20},{"not_picked":["HollowMod:SoulStrike+1","HollowMod:SoulSplash+1","HollowMod:SoulEater"],"picked":"SKIP","floor":22},{"not_picked":["HollowMod:VoidDash","HollowMod:HowlingWraiths+1"],"picked":"HollowMod:NewLittleFool+1","floor":27},{"not_picked":["HollowMod:Flukenest","HollowMod:DoubleDash"],"picked":"HollowMod:VengefulVoid","floor":28},{"not_picked":["HollowMod:MidwifesHunger","HollowMod:BrokenVessel"],"picked":"HollowMod:theNailsmith","floor":33},{"not_picked":["HollowMod:RecoilStrike","HollowMod:DungDefenderAura+1"],"picked":"HollowMod:FallenFury","floor":35},{"not_picked":["HollowMod:HowlingWraiths+1","HollowMod:GreatSlash+1","HollowMod:SoulVessel"],"picked":"SKIP","floor":39},{"not_picked":["HollowMod:NewJinnsSoul+1","HollowMod:AbyssShriek+1"],"picked":"HollowMod:BlackTendrils+1","floor":40},{"not_picked":["HollowMod:BrokenVessel","HollowMod:Flukenest+1","HollowMod:InfectedCysts+1"],"picked":"SKIP","floor":42},{"not_picked":["HollowMod:LifebloodHeart+1","HollowMod:DashSlash+1","HollowMod:SharpenedNail"],"picked":"SKIP","floor":44}],"player_experience":44742,"relics_obtained":[{"floor":9,"key":"Dodecahedron"},{"floor":12,"key":"Happy Flower"},{"floor":13,"key":"Sundial"},{"floor":26,"key":"HollowMod:QueensCombRelic"},{"floor":27,"key":"HollowMod:MillibellesNoteRelic"},{"floor":31,"key":"Centennial Puzzle"},{"floor":40,"key":"Toxic Egg 2"},{"floor":42,"key":"Strawberry"},{"floor":43,"key":"Anchor"},{"floor":44,"key":"Oddly Smooth Stone"}],"event_choices":[{"damage_healed":0,"gold_gain":0,"player_choice":"Damaged","damage_taken":8,"max_hp_gain":0,"max_hp_loss":0,"event_name":"Wheel of Change","floor":5,"gold_loss":0},{"damage_healed":0,"gold_gain":0,"player_choice":"Ignored","damage_taken":0,"max_hp_gain":0,"max_hp_loss":0,"event_name":"Beggar","floor":21,"gold_loss":0},{"damage_healed":0,"gold_gain":0,"player_choice":"Ignored","damage_taken":0,"max_hp_gain":0,"max_hp_loss":0,"event_name":"Cursed Tome","floor":24,"gold_loss":0},{"cards_removed":["HollowMod:NailStrikeStart"],"damage_healed":0,"gold_gain":0,"player_choice":"Removed Attack","damage_taken":0,"max_hp_gain":0,"max_hp_loss":0,"event_name":"Falling","floor":36,"gold_loss":0},{"damage_healed":0,"gold_gain":0,"player_choice":"Ignored","damage_taken":0,"max_hp_gain":0,"max_hp_loss":0,"event_name":"Tomb of Lord Red Mask","floor":37,"gold_loss":0},{"damage_healed":0,"gold_gain":0,"player_choice":"Forge","damage_taken":0,"max_hp_gain":0,"max_hp_loss":0,"event_name":"Accursed Blacksmith","floor":38,"gold_loss":0,"cards_upgraded":["HollowMod:theNailsmith"]}],"is_beta":false,"boss_relics":[{"not_picked":["Velvet Choker","Runic Pyramid"],"picked":"White Beast Statue"},{"not_picked":["Sozu","Calling Bell"],"picked":"Lizard Tail"}],"items_purged_floors":[8,19],"is_endless":false,"potions_floor_spawned":[3,6,13,14,18,20,22,27,28,33,35,39,40,42,44],"killed_by":"HollowMod:StalkingDevout","ascension_level":1}