{"gold_per_floor":[118,128,143,153,57,57,74,104,104,104,136,136],"floor_reached":12,"playtime":542,"items_purged":[],"score":120,"play_id":"ad6e051f-19d7-499e-b5fd-5a45f51f5bef","local_time":"20190603220305","is_ascension_mode":true,"campfire_choices":[{"data":"HollowMod:DashSlash","floor":6,"key":"SMITH"},{"data":"HollowMod:ShapeofUnn","floor":10,"key":"SMITH"}],"neow_cost":"NONE","seed_source_timestamp":0,"circlet_count":0,"master_deck":["HollowMod:NailStrikeStart","HollowMod:NailStrikeStart","HollowMod:NailStrikeStart","HollowMod:NailStrikeStart","HollowMod:QuickDashStart","HollowMod:QuickDashStart","HollowMod:QuickDashStart","HollowMod:QuickDashStart","HollowMod:FocusHealStart","HollowMod:PogoStrike","HollowMod:DashSlash+1","HollowMod:SoulStrike","HollowMod:SharpenedNail","Flash of Steel","HollowMod:RecoilStrike+1","HollowMod:ShapeofUnn+1","HollowMod:NewLittleFool"],"special_seed":0,"relics":["HollowMod:VesselMask","HollowMod:LifeEnderRelic","Pear","Bottled Lightning"],"potions_floor_usage":[],"damage_taken":[{"damage":12.0,"enemies":"Small Slimes","floor":1.0,"turns":4.0},{"damage":8.0,"enemies":"Jaw Worm","floor":2.0,"turns":3.0},{"damage":0.0,"enemies":"2 Louse","floor":3.0,"turns":2.0},{"damage":5.0,"enemies":"2 Fungi Beasts","floor":4.0,"turns":3.0},{"damage":0,"enemies":"Exordium Wildlife","floor":7,"turns":3},{"damage":30,"enemies":"Lagavulin","floor":8,"turns":5},{"damage":46,"enemies":"HollowMod:MossKnight","floor":11,"turns":9}],"seed_played":"2020028226533331001","potions_obtained":[{"floor":2.0,"key":"LiquidBronze"},{"floor":3.0,"key":"EssenceOfSteel"},{"floor":4.0,"key":"LiquidBronze"}],"is_trial":false,"path_per_floor":["M","M","M","M","$","R","M","E","T","R","E","?"],"character_chosen":"THE_BUGKNIGHT","items_purchased":["Flash of Steel"],"campfire_rested":0,"item_purchase_floors":[5],"current_hp_per_floor":[70,62,62,57,57,57,57,33,43,43,3,0],"gold":136,"neow_bonus":"TEN_PERCENT_HP_BONUS","is_prod":false,"is_daily":false,"chose_seed":false,"campfire_upgraded":2,"win_rate":0,"timestamp":1559617385,"path_taken":["M","M","M","M","$","R","M","E","T","R","E","?"],"build_version":"2019-01-23","purchased_purges":0,"victory":false,"max_hp_per_floor":[82,82,82,82,82,82,82,82,92,92,92,92],"card_choices":[{"not_picked":["HollowMod:ShadowDash","HollowMod:VengefulVoid","HollowMod:WhiteLadysBlessing"],"picked":"SKIP","floor":1.0},{"not_picked":["HollowMod:CycloneSlash","HollowMod:SharpenedNail"],"picked":"HollowMod:DashSlash","floor":2.0},{"not_picked":["HollowMod:ThornsofAgony","HollowMod:NewJinnsSoul"],"picked":"HollowMod:SoulStrike","floor":3.0},{"not_picked":["HollowMod:LuriensSpire","HollowMod:MothsMistake"],"picked":"HollowMod:SharpenedNail","floor":4.0},{"not_picked":["HollowMod:InfectedAttack","HollowMod:SharpenedNail"],"picked":"HollowMod:ShapeofUnn","floor":7},{"not_picked":["HollowMod:PaleKingsBlessing","HollowMod:PerfectDash"],"picked":"HollowMod:NewLittleFool","floor":8},{"not_picked":["HollowMod:HeavyBlow","HollowMod:BlackWings","HollowMod:VengefulVoid"],"picked":"SKIP","floor":11}],"player_experience":46531,"relics_obtained":[{"floor":8,"key":"HollowMod:LifeEnderRelic"},{"floor":9,"key":"Pear"},{"floor":11,"key":"Bottled Lightning"}],"event_choices":[],"is_beta":false,"boss_relics":[],"items_purged_floors":[],"is_endless":false,"potions_floor_spawned":[2,3,4,7],"ascension_level":1}