{"gold_per_floor":[116,130,130,55,55,55,88,98,180,205,225,242,242,208,208,312,312,323,422,438,438,353,353,381,281,281,298,298,327,49,74,74,171,171,188,24,24,39,39,39,54,54,54,54,54],"floor_reached":45,"playtime":1719,"items_purged":["HollowMod:CornifersMapStart","HollowMod:QuickDashStart","HollowMod:NailStrikeStart"],"score":553,"play_id":"f95c72b6-e49c-428f-970c-b614f879aa6c","local_time":"20190529232618","is_ascension_mode":true,"campfire_choices":[{"floor":6,"key":"DIG"},{"floor":15,"key":"REST"},{"floor":23,"key":"REST"},{"data":"HollowMod:VengefulVoid","floor":28,"key":"SMITH"},{"floor":32,"key":"REST"},{"data":"Madness","floor":40,"key":"SMITH"},{"data":"HollowMod:HerrahsAnger","floor":42,"key":"SMITH"},{"floor":44,"key":"DIG"}],"neow_cost":"NONE","seed_source_timestamp":950017775123790,"circlet_count":0,"master_deck":["HollowMod:NailStrikeStart","HollowMod:NailStrikeStart+1","HollowMod:QuickDashStart+1","HollowMod:QuickDashStart","HollowMod:DescendingDark","HollowMod:VengefulVoid+1","HollowMod:HerrahsAnger+1","HollowMod:AbyssShriek","HollowMod:ShadowDash","HollowMod:FallenFury","HollowMod:VoidDash","HollowMod:MantisMark","HollowMod:HuntersJournal","HollowMod:SlysStrikes+1","HollowMod:VoidDash","HollowMod:MantisMark+1","HollowMod:SoulMaster+1","Madness","Madness+1","HollowMod:VengefulVoid+1","HollowMod:ShapeofUnn+1"],"relics":["HollowMod:VoidIdolRelic","Anchor","Juzu Bracelet","Frozen Egg 2","Lantern","Shovel","Lantern","Oddly Smooth Stone","Question Card","Blood Vial","Sozu","Bag of Marbles","Letter Opener","Dodecahedron","Boot","Ancient Tea Set","HollowMod:MantisClawRelic","Empty Cage","HollowMod:KingsSoulRelic","HollowMod:QueensCombRelic"],"potions_floor_usage":[11],"damage_taken":[{"damage":0,"enemies":"Small Slimes","floor":1,"turns":4},{"damage":0,"enemies":"Jaw Worm","floor":2,"turns":3},{"damage":34,"enemies":"Gremlin Nob","floor":7,"turns":4},{"damage":0,"enemies":"Cultist","floor":8,"turns":2},{"damage":31,"enemies":"HollowMod:MossKnight","floor":10,"turns":7},{"damage":0,"enemies":"Lots of Slimes","floor":11,"turns":2},{"damage":0,"enemies":"Exordium Thugs","floor":12,"turns":2},{"damage":0,"enemies":"Slime Boss","floor":16,"turns":6},{"damage":0,"enemies":"Spheric Guardian","floor":18,"turns":2},{"damage":34,"enemies":"HollowMod:HuskSentry","floor":20,"turns":6},{"damage":9,"enemies":"Slavers","floor":24,"turns":2},{"damage":9,"enemies":"Snake Plant","floor":27,"turns":2},{"damage":10,"enemies":"HollowMod:Nosk","floor":29,"turns":5},{"damage":3,"enemies":"Book of Stabbing","floor":31,"turns":3},{"damage":43,"enemies":"Champ","floor":33,"turns":8},{"damage":0,"enemies":"3 Darklings","floor":35,"turns":3},{"damage":0,"enemies":"Orb Walker","floor":38,"turns":2},{"damage":30,"enemies":"Spire Growth","floor":41,"turns":3},{"damage":43,"enemies":"Reptomancer","floor":45,"turns":2}],"seed_played":"1024595365709719441","potions_obtained":[{"floor":2,"key":"Fire Potion"},{"floor":12,"key":"SteroidPotion"},{"floor":16,"key":"LiquidBronze"}],"is_trial":false,"path_per_floor":["M","M","?","$","?","R","E","M","T","E","M","M","?","$","R","B",null,"M","?","M","?","?","R","E","$","T","M","R","E","$","E","R","B",null,"M","$","?","M","$","R","M","R","T","R","E"],"character_chosen":"THE_BUGKNIGHT","items_purchased":["HollowMod:FallenFury","Ancient Tea Set","HollowMod:SoulMaster+1"],"campfire_rested":3,"item_purchase_floors":[14,30,36],"current_hp_per_floor":[82,82,66,66,66,66,32,32,32,1,3,5,5,5,29,31,82,82,82,48,32,32,58,51,51,51,44,44,36,36,35,61,20,87,87,87,76,78,78,78,50,50,50,50,0],"gold":54,"neow_bonus":"TEN_PERCENT_HP_BONUS","is_prod":false,"is_daily":false,"chose_seed":false,"campfire_upgraded":3,"win_rate":0,"timestamp":1559190378,"path_taken":["M","M","?","$","?","R","E","M","T","E","M","M","?","$","R","BOSS","M","?","M","?","?","R","E","$","T","M","R","E","$","E","R","BOSS","M","$","?","M","$","R","M","R","T","R","E"],"build_version":"2019-01-23","purchased_purges":3,"victory":false,"max_hp_per_floor":[82,82,82,82,82,82,82,82,82,82,82,82,82,82,82,82,82,82,82,82,87,87,87,87,87,87,87,87,87,87,87,87,87,87,87,87,87,87,87,87,87,87,87,43,43],"card_choices":[{"not_picked":["HollowMod:HowlingWraiths","HollowMod:DashSlash"],"picked":"HollowMod:DescendingDark","floor":1},{"not_picked":["HollowMod:DescendingDark","HollowMod:HuntersJournal"],"picked":"HollowMod:VengefulVoid","floor":2},{"not_picked":["HollowMod:ChannelNail","HollowMod:CloakDash"],"picked":"HollowMod:HerrahsAnger","floor":7},{"not_picked":["HollowMod:RecoilStrike","HollowMod:CrystalDash"],"picked":"HollowMod:AbyssShriek","floor":8},{"not_picked":["HollowMod:Flukenest+1","HollowMod:RecoilStrike","HollowMod:GoodIntentions","HollowMod:Grubsong+1"],"picked":"SKIP","floor":10},{"not_picked":["HollowMod:SiblingsSouls","HollowMod:ChannelNail","HollowMod:Hiveblood"],"picked":"HollowMod:ShadowDash","floor":11},{"not_picked":["HollowMod:MothsMistake+1","HollowMod:HowlingWraiths","HollowMod:CloakDash","HollowMod:InfectedAttack"],"picked":"SKIP","floor":12},{"not_picked":["HollowMod:SlysStrikes+1","HollowMod:Weaversong+1","HollowMod:MidwifesHunger"],"picked":"HollowMod:VoidDash","floor":16},{"not_picked":["HollowMod:DashSlash","HollowMod:HerrahsAnger","HollowMod:TaintedHusks+1","HollowMod:CycloneSlash+1"],"picked":"SKIP","floor":18},{"not_picked":["HollowMod:HerrahsAnger","HollowMod:FallenFury","HollowMod:MonomonsArchive+1","HollowMod:TaintedHusks"],"picked":"SKIP","floor":20},{"not_picked":["HollowMod:DashSlash","HollowMod:SoulShaman","HollowMod:BrokenVessel+1","HollowMod:CycloneSlash+1"],"picked":"SKIP","floor":24},{"not_picked":["HollowMod:RecoilStrike+1","HollowMod:DescendingDark","HollowMod:PogoStrike"],"picked":"HollowMod:MantisMark","floor":27},{"not_picked":["HollowMod:SoulVessel+1","HollowMod:VengefulSpirit","HollowMod:WraithStrike"],"picked":"HollowMod:HuntersJournal","floor":29},{"not_picked":["HollowMod:SoulStrike+1","HollowMod:DashSlash","HollowMod:DesolateDive"],"picked":"HollowMod:SlysStrikes+1","floor":31},{"not_picked":["HollowMod:AwokenDreamNail","HollowMod:ZotesMagnificence","HollowMod:RadiancesLament"],"picked":"HollowMod:VoidDash","floor":33},{"not_picked":["HollowMod:InfectedAttack","HollowMod:CloakDash","HollowMod:SoulEater+1"],"picked":"HollowMod:MantisMark+1","floor":35},{"not_picked":["HollowMod:SiblingsSouls","HollowMod:CrystalDash+1","HollowMod:GreatSlash"],"picked":"HollowMod:VengefulVoid+1","floor":38},{"not_picked":["HollowMod:HowlingWraiths+1","HollowMod:SoulVessel+1","HollowMod:ChannelNail"],"picked":"HollowMod:ShapeofUnn+1","floor":41}],"player_experience":43023,"relics_obtained":[{"floor":6,"key":"Lantern"},{"floor":7,"key":"Oddly Smooth Stone"},{"floor":9,"key":"Question Card"},{"floor":10,"key":"Blood Vial"},{"floor":24,"key":"Letter Opener"},{"floor":26,"key":"Dodecahedron"},{"floor":29,"key":"Boot"},{"floor":31,"key":"HollowMod:MantisClawRelic"},{"floor":43,"key":"HollowMod:KingsSoulRelic"},{"floor":44,"key":"HollowMod:QueensCombRelic"}],"event_choices":[{"damage_healed":0,"gold_gain":0,"player_choice":"Entered Light","damage_taken":16,"max_hp_gain":0,"max_hp_loss":0,"event_name":"Shining Light","floor":3,"gold_loss":0,"cards_upgraded":["HollowMod:QuickDashStart","HollowMod:NailStrikeStart"]},{"cards_removed":["HollowMod:FocusHealStart"],"damage_healed":0,"gold_gain":0,"player_choice":"Offered Basic","damage_taken":0,"max_hp_gain":0,"max_hp_loss":0,"event_name":"Bonfire Elementals","floor":5,"gold_loss":0},{"damage_healed":0,"gold_gain":0,"player_choice":"Leave","damage_taken":0,"max_hp_gain":0,"max_hp_loss":0,"event_name":"FaceTrader","floor":13,"gold_loss":0},{"damage_healed":0,"gold_gain":99,"player_choice":"Stole From Cult","damage_taken":0,"max_hp_gain":0,"max_hp_loss":0,"event_name":"Nest","floor":19,"gold_loss":0},{"damage_healed":0,"gold_gain":0,"player_choice":"Shed Blood","damage_taken":21,"max_hp_gain":5,"max_hp_loss":0,"event_name":"Forgotten Altar","floor":21,"gold_loss":0},{"damage_healed":0,"gold_gain":0,"player_choice":"Obtained Relic","damage_taken":0,"relics_obtained":["Bag of Marbles"],"max_hp_gain":0,"max_hp_loss":0,"event_name":"Addict","floor":22,"gold_loss":85},{"damage_healed":0,"gold_gain":0,"player_choice":"Embrace Madness","damage_taken":11,"max_hp_gain":0,"max_hp_loss":0,"event_name":"Winding Halls","floor":37,"gold_loss":0,"cards_obtained":["Madness","Madness"]}],"is_beta":false,"boss_relics":[{"not_picked":["Velvet Choker","Astrolabe"],"picked":"Sozu"},{"not_picked":["Snecko Eye","Fusion Hammer"],"picked":"Empty Cage"}],"items_purged_floors":[4,25,30],"is_endless":false,"potions_floor_spawned":[2,12,16,18,24,29,38],"killed_by":"Reptomancer","ascension_level":1}