{"gold_per_floor":[99,99,99,99,99,99,99,99,178,178,178,132,132,132,132,132,132,57,57],"floor_reached":19,"playtime":132,"items_purged":[],"score":271,"play_id":"8f07cf3d-fcea-4f58-a52c-429d6a2efd95","local_time":"20190605160632","is_ascension_mode":false,"campfire_choices":[{"floor":6.0,"key":"REST"},{"data":"Strike_G","floor":8.0,"key":"SMITH"},{"data":"Strike_G","floor":15.0,"key":"SMITH"}],"neow_cost":"NONE","seed_source_timestamp":0,"circlet_count":0,"master_deck":["Defend_G","Defend_G","Defend_G","Defend_G","Defend_G","Strike_G","Strike_G","Strike_G","Strike_G+1","Strike_G+1","Survivor","Neutralize"],"special_seed":0,"relics":["Ring of the Serpent","Letter Opener"],"potions_floor_usage":[],"damage_taken":[{"damage":0.0,"enemies":"Jaw Worm","floor":1.0,"turns":1.0},{"damage":0.0,"enemies":"Cultist","floor":2.0,"turns":1.0},{"damage":0.0,"enemies":"Small Slimes","floor":3.0,"turns":1.0},{"damage":0.0,"enemies":"Looter","floor":4.0,"turns":1.0},{"damage":0.0,"enemies":"Gremlin Nob","floor":7.0,"turns":1.0},{"damage":0.0,"enemies":"3 Louse","floor":11.0,"turns":1.0},{"damage":0.0,"enemies":"Large Slime","floor":13.0,"turns":1.0},{"damage":0.0,"enemies":"HollowMod:HuskWarrior","floor":14.0,"turns":1.0},{"damage":0.0,"enemies":"HollowMod:FalseKnight","floor":16.0,"turns":1.0},{"damage":52,"enemies":"2 Thieves","floor":18,"turns":4},{"damage":30,"enemies":"Masked Bandits","floor":19,"turns":2}],"seed_played":"-5284945933249605936","potions_obtained":[],"is_trial":false,"path_per_floor":["M","M","M","M","$","R","E","R","T","?","M","?","M","M","R","B",null,"M","?"],"character_chosen":"THE_SILENT","items_purchased":[],"campfire_rested":1,"item_purchase_floors":[],"current_hp_per_floor":[77,77,77,77,77,77,77,77,77,77,77,77,77,77,77,77,77,25,0],"gold":57,"neow_bonus":"TEN_PERCENT_HP_BONUS","is_prod":false,"is_daily":false,"chose_seed":false,"campfire_upgraded":2,"win_rate":0.0,"timestamp":1559768792,"path_taken":["M","M","M","M","$","R","E","R","T","?","?","?","M","M","R","BOSS","M","?"],"build_version":"2019-01-23","purchased_purges":0,"victory":false,"max_hp_per_floor":[77,77,77,77,77,77,77,77,77,77,77,77,77,77,77,77,77,77,77],"card_choices":[{"not_picked":["Flying Knee","Dagger Throw","Bouncing Flask"],"picked":"SKIP","floor":1.0},{"not_picked":["Poisoned Stab","Dagger Spray","Blade Dance"],"picked":"SKIP","floor":2.0},{"not_picked":["Endless Agony","Dagger Throw","Riddle With Holes"],"picked":"SKIP","floor":3.0},{"not_picked":["Dagger Throw","Flying Knee","Poisoned Stab"],"picked":"SKIP","floor":4.0},{"not_picked":["Underhanded Strike","All Out Attack","Flying Knee"],"picked":"SKIP","floor":7.0},{"not_picked":["Dagger Spray","Outmaneuver","Predator"],"picked":"SKIP","floor":11.0},{"not_picked":["Reflex","Deadly Poison","Eviscerate"],"picked":"SKIP","floor":13.0},{"not_picked":["Quick Slash","Crippling Poison","Prepared"],"picked":"SKIP","floor":14.0},{"not_picked":["Deadly Poison+1","Deflect+1","Underhanded Strike"],"picked":"SKIP","floor":18}],"player_experience":20478,"relics_obtained":[{"floor":9.0,"key":"Letter Opener"}],"event_choices":[{"damage_healed":0.0,"max_hp_gain":0.0,"max_hp_loss":0.0,"gold_gain":0.0,"event_name":"NoteForYourself","player_choice":"Ignored","floor":10.0,"gold_loss":0.0,"damage_taken":0.0},{"damage_healed":0.0,"max_hp_gain":0.0,"max_hp_loss":0.0,"gold_gain":0.0,"event_name":"World of Goop","player_choice":"Left Gold","floor":12.0,"gold_loss":46.0,"damage_taken":0.0},{"damage_healed":0,"gold_gain":0,"player_choice":"Fought Bandits","damage_taken":0,"max_hp_gain":0,"max_hp_loss":0,"event_name":"Masked Bandits","floor":19,"gold_loss":0}],"is_beta":false,"boss_relics":[{"not_picked":["Calling Bell","Tiny House"],"picked":"Ring of the Serpent"}],"items_purged_floors":[],"is_endless":false,"potions_floor_spawned":[2,3,4,7],"killed_by":"Masked Bandits","ascension_level":0}