{"gold_per_floor":[114,114,129,149,149,149,149],"floor_reached":7,"playtime":454,"items_purged":[],"score":66,"play_id":"e06decd8-3361-424e-b15f-56fd47c82c49","local_time":"20190326202731","is_ascension_mode":false,"campfire_choices":[{"data":"HollowMod:DefaultUncommonAttack","floor":6,"key":"SMITH"}],"neow_cost":"","seed_source_timestamp":0,"circlet_count":0,"master_deck":["HollowMod:NailStrikeStart","HollowMod:NailStrikeStart","HollowMod:NailStrikeStart","HollowMod:NailStrikeStart","HollowMod:QuickDashStart","HollowMod:QuickDashStart+1","HollowMod:QuickDashStart","HollowMod:QuickDashStart","HollowMod:FocusHealStart","HollowMod:FocusHealStart","HollowMod:DefaultCommonPower","Decay","HollowMod:DefaultUncommonAttack+1","HollowMod:DefaultUncommonPower+1"],"special_seed":0,"relics":["HollowMod:PlaceholderRelic","HollowMod:PlaceholderRelic2","HollowMod:DefaultClickableRelic"],"potions_floor_usage":[],"damage_taken":[{"damage":2.0,"enemies":"Cultist","floor":1.0,"turns":5.0},{"damage":16.0,"enemies":"Small Slimes","floor":3.0,"turns":3.0},{"damage":8.0,"enemies":"Jaw Worm","floor":4.0,"turns":2.0},{"damage":0,"enemies":"3 Sentries","floor":7,"turns":1}],"seed_played":"-5380932371329223127","potions_obtained":[{"floor":4.0,"key":"Strength Potion"}],"is_trial":true,"path_per_floor":["M","?","M","M","?","R","E"],"character_chosen":"THE_BUGKNIGHT","items_purchased":[],"campfire_rested":0,"item_purchase_floors":[],"current_hp_per_floor":[73,73,61,55,40,40,40],"gold":149,"neow_bonus":"","is_prod":false,"is_daily":false,"chose_seed":false,"campfire_upgraded":1,"win_rate":0.0,"timestamp":1553650051,"path_taken":["M","?","M","?","?","R","E"],"build_version":"2019-01-23","purchased_purges":0,"victory":false,"max_hp_per_floor":[75,75,75,75,75,75,75],"card_choices":[{"not_picked":["HollowMod:NailStrikeStart","HollowMod:DefaultAttackWithVariable"],"picked":"HollowMod:DefaultCommonPower","floor":1.0},{"not_picked":["HollowMod:DefaultRarePower","HollowMod:DefaultUncommonSkill"],"picked":"HollowMod:DefaultUncommonAttack","floor":3.0},{"not_picked":["HollowMod:OrbSkill","HollowMod:DefaultSecondMagicNumberSkill"],"picked":"HollowMod:DefaultUncommonPower","floor":4.0}],"player_experience":48,"relics_obtained":[],"event_choices":[{"damage_healed":0.0,"max_hp_gain":0.0,"max_hp_loss":0.0,"gold_gain":0.0,"event_name":"Wheel of Change","player_choice":"Cursed","floor":2.0,"gold_loss":0.0,"damage_taken":0.0,"cards_obtained":["Decay"]},{"damage_healed":0.0,"max_hp_gain":0.0,"max_hp_loss":0.0,"gold_gain":0.0,"event_name":"Shining Light","player_choice":"Entered Light","floor":5.0,"gold_loss":0.0,"damage_taken":15.0,"cards_upgraded":["HollowMod:DefaultUncommonPower","HollowMod:QuickDashStart"]}],"is_beta":false,"boss_relics":[],"items_purged_floors":[],"is_endless":false,"potions_floor_spawned":[4],"killed_by":"3 Sentries","ascension_level":0}