{"gold_per_floor":[118,135,135,146,164,164,179,179,179,179],"floor_reached":10,"playtime":499,"items_purged":[],"score":60,"play_id":"313a919d-3422-4371-bf1e-f003ebf598bc","local_time":"20190419222003","is_ascension_mode":false,"campfire_choices":[{"data":"HollowMod:HornetsHelp","floor":6,"key":"SMITH"}],"neow_cost":"NONE","seed_source_timestamp":501008261080041,"circlet_count":0,"master_deck":["HollowMod:NailStrikeStart","HollowMod:NailStrikeStart","HollowMod:NailStrikeStart","HollowMod:NailStrikeStart","HollowMod:QuickDashStart","HollowMod:QuickDashStart+1","HollowMod:QuickDashStart","HollowMod:QuickDashStart","HollowMod:CycloneSlash","HollowMod:HornetsHelp+1","HollowMod:FocusHealStart","HollowMod:FocusHealStart+1","HollowMod:DashSlash","HollowMod:PogoStrike+1","HollowMod:VengefulSpirit","HollowMod:AbyssShriek","HollowMod:VoidDash","HollowMod:PerfectDash","HollowMod:HowlingWraiths","HollowMod:AwokenDreamNail","HollowMod:PogoStrike","HollowMod:InfectedAttack","HollowMod:TaintedHusks"],"relics":["HollowMod:VesselMask","War Paint","Lantern"],"potions_floor_usage":[],"damage_taken":[{"damage":12,"enemies":"2 Louse","floor":1,"turns":5},{"damage":0,"enemies":"Small Slimes","floor":2,"turns":3},{"damage":2,"enemies":"Jaw Worm","floor":4,"turns":4},{"damage":18,"enemies":"Lots of Slimes","floor":5,"turns":4},{"damage":18,"enemies":"2 Fungi Beasts","floor":7,"turns":4},{"damage":0,"enemies":"3 Louse","floor":10,"turns":1}],"seed_played":"-5359410623711216796","potions_obtained":[{"floor":1,"key":"Explosive Potion"},{"floor":5,"key":"Block Potion"}],"is_trial":false,"path_per_floor":["M","M","?","M","M","R","M","?","T","M"],"character_chosen":"THE_BUGKNIGHT","items_purchased":[],"campfire_rested":0,"item_purchase_floors":[],"current_hp_per_floor":[74,78,71,75,57,57,39,39,39,39],"gold":179,"neow_bonus":"TEN_PERCENT_HP_BONUS","is_prod":false,"is_daily":false,"chose_seed":false,"campfire_upgraded":1,"win_rate":0.0,"timestamp":1555730403,"path_taken":["M","M","?","M","M","R","M","?","T","M"],"build_version":"2019-01-23","purchased_purges":0,"victory":false,"max_hp_per_floor":[82,82,82,82,82,82,82,82,82,82],"card_choices":[{"not_picked":["HollowMod:FallenFury","HollowMod:DoubleDash"],"picked":"HollowMod:PogoStrike","floor":1},{"not_picked":["HollowMod:HowlingWraiths","HollowMod:DashSlash"],"picked":"HollowMod:InfectedAttack","floor":2},{"not_picked":["HollowMod:ThornsofAgony","HollowMod:ChannelNail"],"picked":"HollowMod:TaintedHusks","floor":4},{"not_picked":["HollowMod:SoulShaman","HollowMod:CycloneSlash","HollowMod:PogoStrike"],"picked":"SKIP","floor":5},{"not_picked":["HollowMod:HowlingWraiths","HollowMod:GreatSlash","HollowMod:Overcharmed"],"picked":"SKIP","floor":7}],"player_experience":12460,"relics_obtained":[{"floor":9,"key":"Lantern"}],"event_choices":[{"damage_healed":0,"gold_gain":0,"player_choice":"Success","damage_taken":7,"relics_obtained":["War Paint"],"max_hp_gain":0,"max_hp_loss":0,"event_name":"Scrap Ooze","floor":3,"gold_loss":0},{"damage_healed":0,"gold_gain":0,"player_choice":"Grow","damage_taken":0,"max_hp_gain":0,"max_hp_loss":0,"event_name":"Living Wall","floor":8,"gold_loss":0,"cards_upgraded":["HollowMod:PogoStrike"]}],"is_beta":false,"boss_relics":[],"items_purged_floors":[],"is_endless":false,"potions_floor_spawned":[1,5],"killed_by":"3 Louse","ascension_level":0}