{"gold_per_floor":[117,19,39,39,49,80,93,41,41,41,59,80,27,27,27,27],"floor_reached":16,"playtime":818,"items_purged":["HollowMod:NailStrikeStart"],"score":102,"play_id":"75c4c8bf-7bfb-440c-9dd9-a3ff4c5d38cb","local_time":"20190414234326","is_ascension_mode":false,"campfire_choices":[{"floor":15,"key":"REST"}],"neow_cost":"NONE","seed_source_timestamp":73691759683845,"circlet_count":0,"master_deck":["HollowMod:NailStrikeStart","HollowMod:NailStrikeStart","HollowMod:NailStrikeStart","HollowMod:QuickDashStart","HollowMod:QuickDashStart","HollowMod:QuickDashStart","HollowMod:QuickDashStart","HollowMod:FocusHealStart","HollowMod:FocusHealStart","HollowMod:PogoStrike","HollowMod:InfectedAttack","HollowMod:PerfectDash","HollowMod:DesolateDive","HollowMod:FallenFury","HollowMod:InfectedAttack","Injury","HollowMod:SoulStrike","HollowMod:SoulStrike","HollowMod:DoubleDash"],"relics":["HollowMod:VesselMask","NeowsBlessing","Ancient Tea Set","Frozen Egg 2","Boot","Golden Idol"],"potions_floor_usage":[7,16],"damage_taken":[{"damage":0,"enemies":"Small Slimes","floor":1,"turns":1},{"damage":0,"enemies":"Cultist","floor":3,"turns":1},{"damage":0,"enemies":"Jaw Worm","floor":5,"turns":1},{"damage":47,"enemies":"3 Sentries","floor":6,"turns":12},{"damage":0,"enemies":"Red Slaver","floor":7,"turns":6},{"damage":20,"enemies":"Large Slime","floor":11,"turns":4},{"damage":9,"enemies":"Blue Slaver","floor":12,"turns":3},{"damage":39,"enemies":"Slime Boss","floor":16,"turns":3}],"seed_played":"7008802023637556458","potions_obtained":[{"floor":6,"key":"Dexterity Potion"},{"floor":11,"key":"Ancient Potion"},{"floor":12,"key":"Swift Potion"}],"is_trial":false,"path_per_floor":["M","$","M","?","M","E","M","$","T","?","M","M","$","?","R","B"],"character_chosen":"THE_BUGKNIGHT","items_purchased":["HollowMod:PogoStrike","HollowMod:InfectedAttack","HollowMod:DoubleDash"],"campfire_rested":1,"item_purchase_floors":[2,8,13],"current_hp_per_floor":[75,75,75,75,75,32,34,34,34,34,14,5,5,2,24,0],"gold":27,"neow_bonus":"THREE_ENEMY_KILL","is_prod":false,"is_daily":false,"chose_seed":false,"campfire_upgraded":0,"win_rate":0.0,"timestamp":1555303406,"path_taken":["M","$","M","?","?","E","M","$","T","?","M","M","$","?","R","BOSS"],"build_version":"2019-01-23","purchased_purges":1,"victory":false,"max_hp_per_floor":[75,75,75,75,75,75,75,75,75,75,75,75,75,75,75,75],"card_choices":[{"not_picked":["HollowMod:VengefulVoid","HollowMod:RecoilStrike"],"picked":"HollowMod:InfectedAttack","floor":1},{"not_picked":["HollowMod:CloakDash","HollowMod:StalwartShell"],"picked":"HollowMod:InfectedAttack","floor":3},{"not_picked":["HollowMod:FastStrike","HollowMod:HowlingWraiths"],"picked":"HollowMod:PerfectDash","floor":5},{"not_picked":["HollowMod:StalwartShell","HollowMod:InfectedCysts"],"picked":"HollowMod:DesolateDive","floor":6},{"not_picked":["HollowMod:HowlingWraiths","HollowMod:InfectionAssault"],"picked":"HollowMod:FallenFury","floor":7},{"not_picked":["HollowMod:VengefulSpirit","HollowMod:RecoilStrike"],"picked":"HollowMod:SoulStrike","floor":11},{"not_picked":["HollowMod:Overcharmed","HollowMod:DescendingDark"],"picked":"HollowMod:SoulStrike","floor":12}],"player_experience":4327,"relics_obtained":[{"floor":6,"key":"Frozen Egg 2"},{"floor":9,"key":"Boot"}],"event_choices":[{"cards_removed":["HollowMod:InfectedAttack"],"damage_healed":0,"gold_gain":0,"player_choice":"Gave Card","damage_taken":0,"relics_obtained":["Ancient Tea Set"],"max_hp_gain":0,"max_hp_loss":0,"event_name":"WeMeetAgain","floor":4,"gold_loss":0},{"damage_healed":0,"gold_gain":0,"player_choice":"Take Wound","damage_taken":0,"relics_obtained":["Golden Idol"],"max_hp_gain":0,"max_hp_loss":0,"event_name":"Golden Idol","floor":10,"gold_loss":0,"cards_obtained":["Injury"]},{"damage_healed":0,"gold_gain":0,"player_choice":"Fled","damage_taken":3,"max_hp_gain":0,"max_hp_loss":0,"event_name":"Scrap Ooze","floor":14,"gold_loss":0}],"is_beta":false,"boss_relics":[],"items_purged_floors":[2],"is_endless":false,"potions_floor_spawned":[6,11,12],"killed_by":"Slime Boss","ascension_level":0}