{"gold_per_floor":[113,41,58,74,92,92,267,296,296,314,327,327,340,163,163,260,260,274,133,150,150,167,167,185,31,31,31,51,51,51,71,71,71],"floor_reached":33,"playtime":2766,"items_purged":["Doubt","HollowMod:TaintedHusks"],"score":276,"play_id":"ac7ed15c-49cc-41ff-b96e-0969e9231573","local_time":"20190420011346","daily_mods":["SealedDeck"],"is_ascension_mode":false,"campfire_choices":[{"data":"HollowMod:VengefulVoid","floor":6.0,"key":"SMITH"},{"data":"HollowMod:PogoStrike","floor":12.0,"key":"SMITH"},{"floor":15,"key":"REST"},{"data":"HollowMod:VengefulVoid","floor":23,"key":"SMITH"},{"data":"HollowMod:VoidDash","floor":32,"key":"SMITH"}],"neow_cost":"","seed_source_timestamp":0,"circlet_count":0,"master_deck":["HollowMod:DoubleDash","HollowMod:DashSlash","HollowMod:CloakDash","HollowMod:DungDefenderAura","HollowMod:LifebloodHeart","HollowMod:QuirrelsAssistance","HollowMod:ConfessorsAdvice","HollowMod:VengefulVoid+1","HollowMod:VengefulVoid+1","HollowMod:VengefulVoid","HollowMod:WraithStrike","HollowMod:WraithStrike","HollowMod:StalwartShell","HollowMod:CrystalDash","HollowMod:SlysStrikes","HollowMod:ZotesMagnificence","HollowMod:CloakDash","HollowMod:PogoStrike+1","HollowMod:StalwartShell","HollowMod:CloakDash","HollowMod:SharpenedShadows","HollowMod:LifebloodCocoon+1","HollowMod:VoidDash+1","HollowMod:PogoStrike+1","HollowMod:VengefulVoid","HollowMod:StalwartShell+1"],"special_seed":0,"relics":["HollowMod:VesselMask","Meat on the Bone","Eternal Feather","Nloth\u0027s Gift","Pen Nib"],"potions_floor_usage":[28,31,33],"damage_taken":[{"damage":0.0,"enemies":"Jaw Worm","floor":1.0,"turns":2.0},{"damage":0.0,"enemies":"Small Slimes","floor":3.0,"turns":2.0},{"damage":0.0,"enemies":"Cultist","floor":4.0,"turns":2.0},{"damage":15.0,"enemies":"Exordium Wildlife","floor":5.0,"turns":7.0},{"damage":6.0,"enemies":"Lagavulin","floor":8.0,"turns":5.0},{"damage":0.0,"enemies":"Large Slime","floor":10.0,"turns":4.0},{"damage":8.0,"enemies":"Looter","floor":11.0,"turns":3.0},{"damage":11,"enemies":"Exordium Thugs","floor":13,"turns":4},{"damage":21,"enemies":"The Guardian","floor":16,"turns":9},{"damage":57,"enemies":"2 Thieves","floor":18,"turns":4},{"damage":13,"enemies":"Shell Parasite","floor":20,"turns":5},{"damage":8,"enemies":"Snecko","floor":22,"turns":5},{"damage":15,"enemies":"Cultist and Chosen","floor":24,"turns":5},{"damage":9,"enemies":"Chosen and Byrds","floor":28,"turns":4},{"damage":17,"enemies":"Centurion and Healer","floor":31,"turns":5},{"damage":77,"enemies":"Collector","floor":33,"turns":8}],"seed_played":"-6293421852702474493","potions_obtained":[{"floor":1.0,"key":"Strength Potion"},{"floor":5.0,"key":"SteroidPotion"},{"floor":8.0,"key":"SteroidPotion"},{"floor":16,"key":"SmokeBomb"},{"floor":22,"key":"EssenceOfSteel"},{"floor":28,"key":"Fruit Juice"}],"is_trial":true,"path_per_floor":["M","$","M","M","M","R","?","E","T","M","M","R","M","$","R","B",null,"M","$","M","?","M","R","M","$","T","$","M","?","$","M","R","B"],"character_chosen":"THE_BUGKNIGHT","items_purchased":["HollowMod:WraithStrike","HollowMod:StalwartShell","HollowMod:StalwartShell","HollowMod:CloakDash","HollowMod:VoidDash","HollowMod:VengefulVoid"],"campfire_rested":1,"item_purchase_floors":[2,2,14,14,19,25],"current_hp_per_floor":[75,75,75,75,60,60,60,54,54,54,46,46,47,47,69,48,75,30,30,29,29,33,48,45,45,45,45,48,73,73,61,76,0],"gold":71,"neow_bonus":"","is_prod":false,"is_daily":false,"chose_seed":false,"campfire_upgraded":4,"win_rate":0.0,"timestamp":1555740826,"path_taken":["M","$","M","M","M","R","?","E","T","M","M","R","M","$","R","BOSS","M","$","M","?","M","R","?","$","T","$","M","?","?","M","R","BOSS"],"build_version":"2019-01-23","purchased_purges":2,"victory":false,"max_hp_per_floor":[75,75,75,75,75,75,75,75,75,75,75,75,75,75,75,75,75,75,75,75,75,75,75,75,75,75,75,75,75,75,80,80,80],"card_choices":[{"not_picked":["HollowMod:CycloneSlash","HollowMod:TaintedHusks"],"picked":"HollowMod:WraithStrike","floor":1.0},{"not_picked":["HollowMod:MawleksShell","HollowMod:TaintedHusks","HollowMod:FallenFury"],"picked":"SKIP","floor":3.0},{"not_picked":["HollowMod:MantisMark","HollowMod:SoulVessel"],"picked":"HollowMod:CrystalDash","floor":4.0},{"not_picked":["HollowMod:ThornsofAgony","HollowMod:WraithStrike"],"picked":"HollowMod:SlysStrikes","floor":5.0},{"not_picked":["HollowMod:InfectedCysts","HollowMod:AwokenDreamNail"],"picked":"HollowMod:ZotesMagnificence","floor":8.0},{"not_picked":["HollowMod:WraithStrike","HollowMod:RecoilStrike"],"picked":"HollowMod:CloakDash","floor":10.0},{"not_picked":["HollowMod:TaintedHusks","HollowMod:InfectedCysts"],"picked":"HollowMod:PogoStrike","floor":11.0},{"not_picked":["HollowMod:HowlingWraiths","HollowMod:SiblingsSouls"],"picked":"HollowMod:TaintedHusks","floor":13},{"not_picked":["HollowMod:Hiveblood","HollowMod:ZotesMagnificence"],"picked":"HollowMod:SharpenedShadows","floor":16},{"not_picked":["HollowMod:Overcharmed","HollowMod:CrystalDash"],"picked":"HollowMod:LifebloodCocoon+1","floor":18},{"not_picked":["HollowMod:ShapeofUnn","HollowMod:GreatSlash"],"picked":"HollowMod:PogoStrike+1","floor":20},{"not_picked":["HollowMod:CloakDash","HollowMod:WraithStrike","HollowMod:MantisMark"],"picked":"SKIP","floor":22},{"not_picked":["HollowMod:CycloneSlash","HollowMod:CrystalDash+1","HollowMod:Overcharmed"],"picked":"SKIP","floor":24},{"not_picked":["HollowMod:BaldurShell+1","HollowMod:HowlingWraiths"],"picked":"HollowMod:StalwartShell+1","floor":28},{"not_picked":["HollowMod:QuirrelsAssistance","HollowMod:InfectedCysts+1","HollowMod:LifebloodCocoon+1"],"picked":"SKIP","floor":31}],"player_experience":12959,"relics_obtained":[{"floor":8.0,"key":"Meat on the Bone"},{"floor":9.0,"key":"Matryoshka"},{"floor":26,"key":"Pen Nib"}],"event_choices":[{"damage_healed":0.0,"max_hp_gain":0.0,"max_hp_loss":0.0,"gold_gain":175.0,"event_name":"Liars Game","player_choice":"AGREE","floor":7.0,"gold_loss":0.0,"damage_taken":0.0,"cards_obtained":["Doubt"]},{"damage_healed":0,"gold_gain":0,"player_choice":"Traded Relic","damage_taken":0,"relics_obtained":["Nloth\u0027s Gift"],"max_hp_gain":0,"max_hp_loss":0,"event_name":"N\u0027loth","floor":21,"relics_lost":["Matryoshka"],"gold_loss":0},{"damage_healed":25,"gold_gain":0,"player_choice":"Heal","damage_taken":0,"max_hp_gain":0,"max_hp_loss":0,"event_name":"The Library","floor":29,"gold_loss":0}],"is_beta":false,"boss_relics":[{"not_picked":["Snecko Eye","Coffee Dripper"],"picked":"Eternal Feather"}],"items_purged_floors":[14,25],"is_endless":false,"potions_floor_spawned":[1,5,8,16,18,22,28],"killed_by":"Collector","ascension_level":0}