{"gold_per_floor":[109,72,83,99,119,119,294,184,184,184,16,36,48,67,67,67],"floor_reached":16,"playtime":1320,"items_purged":["Doubt","HollowMod:QuickDashStart"],"score":94,"play_id":"c5f7995c-696d-463d-8ca6-c09ad9a22024","local_time":"20190414231458","is_ascension_mode":false,"campfire_choices":[{"data":"HollowMod:Hiveblood","floor":6,"key":"SMITH"},{"floor":15,"key":"REST"}],"neow_cost":"","seed_source_timestamp":0,"circlet_count":0,"master_deck":["HollowMod:NailStrikeStart","HollowMod:NailStrikeStart","HollowMod:NailStrikeStart","HollowMod:QuickDashStart","HollowMod:QuickDashStart","HollowMod:QuickDashStart","HollowMod:FocusHealStart","HollowMod:FocusHealStart","HollowMod:Hiveblood+1","HollowMod:InfectionAssault","HollowMod:CrystalDash","HollowMod:PureNailStrike","HollowMod:DoubleDash","HollowMod:BrokenVessel","HollowMod:MothsMistake","HollowMod:MothsMistake","HollowMod:InfectedCysts"],"special_seed":0,"relics":["HollowMod:VesselMask","Juzu Bracelet"],"potions_floor_usage":[13,14],"damage_taken":[{"damage":0.0,"enemies":"2 Louse","floor":1.0,"turns":3.0},{"damage":0,"enemies":"Small Slimes","floor":3,"turns":3},{"damage":0,"enemies":"Cultist","floor":4,"turns":4},{"damage":2,"enemies":"3 Louse","floor":5,"turns":4},{"damage":43,"enemies":"Red Slaver","floor":12,"turns":7},{"damage":42,"enemies":"2 Fungi Beasts","floor":13,"turns":7},{"damage":5,"enemies":"Looter","floor":14,"turns":2},{"damage":77,"enemies":"Hexaghost","floor":16,"turns":15}],"seed_played":"7566136773741717543","potions_obtained":[{"floor":1.0,"key":"Block Potion"},{"floor":4,"key":"SteroidPotion"}],"is_trial":true,"path_per_floor":["M","$","M","M","M","R","?","$","T","?","$","M","M","M","R","B"],"character_chosen":"THE_BUGKNIGHT","items_purchased":["HollowMod:InfectionAssault","HollowMod:BrokenVessel","HollowMod:MothsMistake"],"campfire_rested":1,"item_purchase_floors":[2,8,11],"current_hp_per_floor":[75,75,75,75,73,73,73,73,73,66,66,52,30,25,47,2],"gold":67,"neow_bonus":"","is_prod":false,"is_daily":false,"chose_seed":false,"campfire_upgraded":1,"win_rate":0.0,"timestamp":1555301698,"path_taken":["M","$","M","M","M","R","?","$","T","?","$","M","M","M","R","BOSS"],"build_version":"2019-01-23","purchased_purges":2,"victory":false,"max_hp_per_floor":[75,75,75,75,75,75,75,75,75,75,75,75,75,75,75,75],"card_choices":[{"not_picked":["HollowMod:FastStrike","HollowMod:ThornsofAgony"],"picked":"HollowMod:Hiveblood","floor":1.0},{"not_picked":["HollowMod:CycloneSlash","HollowMod:HowlingWraiths"],"picked":"HollowMod:CrystalDash","floor":3},{"not_picked":["HollowMod:HowlingWraiths","HollowMod:CloakDash"],"picked":"HollowMod:PureNailStrike","floor":4},{"not_picked":["HollowMod:CrystalDash","HollowMod:StalwartShell"],"picked":"HollowMod:DoubleDash","floor":5},{"not_picked":["HollowMod:SoulStrike","HollowMod:WraithStrike"],"picked":"HollowMod:MothsMistake","floor":12},{"not_picked":["HollowMod:HornetsHelp","HollowMod:ShapeofUnn","HollowMod:VengefulVoid"],"picked":"SKIP","floor":13},{"not_picked":["HollowMod:Overcharmed","HollowMod:CoiledNail"],"picked":"HollowMod:InfectedCysts","floor":14}],"player_experience":3007,"relics_obtained":[{"floor":9,"key":"Juzu Bracelet"}],"event_choices":[{"damage_healed":0,"gold_gain":175,"player_choice":"AGREE","damage_taken":0,"max_hp_gain":0,"max_hp_loss":0,"event_name":"Liars Game","floor":7,"gold_loss":0,"cards_obtained":["Doubt"]},{"cards_removed":["HollowMod:NailStrikeStart"],"damage_healed":0,"gold_gain":0,"player_choice":"Card Removal","damage_taken":7,"max_hp_gain":0,"max_hp_loss":0,"event_name":"Golden Wing","floor":10,"gold_loss":0}],"is_beta":false,"boss_relics":[],"items_purged_floors":[8,11],"is_endless":true,"potions_floor_spawned":[1,4],"killed_by":"Hexaghost","ascension_level":0}