{"gold_per_floor":[111,31,47,47,65,65,100,113,113,113],"floor_reached":10,"playtime":907,"items_purged":[],"score":68,"play_id":"c7a7297e-364b-4dd8-86bb-d0f1dddad9f4","local_time":"20190413202222","is_ascension_mode":false,"campfire_choices":[{"data":"HollowMod:LifebloodCocoon","floor":6,"key":"SMITH"}],"neow_cost":"NONE","seed_source_timestamp":721512607002971,"circlet_count":0,"master_deck":["HollowMod:NailStrikeStart","HollowMod:NailStrikeStart","HollowMod:QuickDashStart","HollowMod:QuickDashStart","HollowMod:FocusHealStart","HollowMod:HuntersJournal","HollowMod:LifebloodCore","HollowMod:Hiveblood","HollowMod:LifebloodCocoon+1","HollowMod:HuntersJournal","HollowMod:InfectedAttack","HollowMod:VoidDash","HollowMod:InfectedAttack"],"relics":["HollowMod:VesselMask","Dodecahedron","Ornamental Fan"],"potions_floor_usage":[7,7],"damage_taken":[{"damage":19,"enemies":"2 Louse","floor":1,"turns":5},{"damage":18,"enemies":"Small Slimes","floor":3,"turns":6},{"damage":15,"enemies":"Jaw Worm","floor":5,"turns":9},{"damage":72,"enemies":"Gremlin Nob","floor":7,"turns":6},{"damage":21,"enemies":"Red Slaver","floor":8,"turns":7},{"damage":19,"enemies":"2 Fungi Beasts","floor":10,"turns":2}],"seed_played":"3055044065644926773","potions_obtained":[{"floor":1,"key":"Block Potion"},{"floor":5,"key":"Energy Potion"}],"is_trial":false,"path_per_floor":["M","$","M","$","M","R","E","M","T","M"],"character_chosen":"THE_BUGKNIGHT","items_purchased":["HollowMod:HuntersJournal"],"campfire_rested":0,"item_purchase_floors":[2],"current_hp_per_floor":[77,77,75,75,77,77,21,14,14,0],"gold":113,"neow_bonus":"TEN_PERCENT_HP_BONUS","is_prod":false,"is_daily":false,"chose_seed":false,"campfire_upgraded":1,"win_rate":0.0,"timestamp":1555204942,"path_taken":["M","$","M","$","M","R","E","M","T","M"],"build_version":"2019-01-23","purchased_purges":0,"victory":false,"max_hp_per_floor":[82,82,82,82,82,82,82,82,82,82],"card_choices":[{"not_picked":["HollowMod:DefaultUncommonPower","HollowMod:SoulStrike"],"picked":"HollowMod:LifebloodCocoon","floor":1},{"not_picked":["HollowMod:InfectionAssault","HollowMod:DefaultCommonPower","HollowMod:CycloneSlash"],"picked":"SKIP","floor":3},{"not_picked":["HollowMod:RecoilStrike","HollowMod:SharpenedNail"],"picked":"HollowMod:InfectedAttack","floor":5},{"not_picked":["HollowMod:OrbSkill","HollowMod:GrimmsGift"],"picked":"HollowMod:VoidDash","floor":7},{"not_picked":["HollowMod:DashSlash","HollowMod:DescendingDark"],"picked":"HollowMod:InfectedAttack","floor":8}],"player_experience":1811,"relics_obtained":[{"floor":7,"key":"Dodecahedron"},{"floor":9,"key":"Ornamental Fan"}],"event_choices":[],"is_beta":false,"boss_relics":[],"items_purged_floors":[],"is_endless":false,"potions_floor_spawned":[1,5],"killed_by":"2 Fungi Beasts","ascension_level":0}