{"gold_per_floor":[110,110,122,47,122,153,170,198,248,18,32,32,32,32,32,130,130,144,162,179,96,115,115,127,127,196,213,213,225,242,142,142,241,241,241],"floor_reached":35,"playtime":4472,"items_purged":["HollowMod:NailStrikeStart","HollowMod:NailStrikeStart"],"score":369,"play_id":"ea89a74a-e1b8-410f-87ed-6b87012c4e7c","local_time":"20190417005220","is_ascension_mode":false,"campfire_choices":[{"floor":15.0,"key":"REST"},{"data":"HollowMod:MothsMistake","floor":23.0,"key":"SMITH"},{"data":"HollowMod:MothsMistake","floor":25.0,"key":"SMITH"},{"data":"HollowMod:MothsMistake","floor":28.0,"key":"SMITH"},{"data":"HollowMod:PogoStrike","floor":32,"key":"SMITH"}],"neow_cost":"NONE","seed_source_timestamp":0,"circlet_count":0,"master_deck":["HollowMod:NailStrikeStart","HollowMod:NailStrikeStart","HollowMod:QuickDashStart+1","HollowMod:QuickDashStart","HollowMod:FocusHealStart","HollowMod:FocusHealStart","HollowMod:Weaversong","HollowMod:DungDefenderAura","HollowMod:MothsMistake+1","HollowMod:PogoStrike+1","HollowMod:CloakDash+1","HollowMod:HuntersJournal","HollowMod:MothsMistake+1","HollowMod:StalwartShell","HollowMod:Hiveblood+1","HollowMod:DashSlash","HollowMod:MothsMistake+1","HollowMod:DoubleDash+1","HollowMod:TaintedHusks+1","HollowMod:Grubsong","HollowMod:StalwartShell+1","HollowMod:MonarchWings+1","HollowMod:MantisMark+1","HollowMod:DashSlash+1","HollowMod:InfectionAssault+1","HollowMod:ElderbugsWisdom"],"special_seed":0,"relics":["HollowMod:VesselMask","Matryoshka","Blood Vial","HollowMod:PlaceholderRelic","Anchor","War Paint","Toxic Egg 2","Philosopher\u0027s Stone","Question Card","Sundial","Runic Dome"],"potions_floor_usage":[30],"damage_taken":[{"damage":0.0,"enemies":"Small Slimes","floor":1.0,"turns":3.0},{"damage":4.0,"enemies":"Cultist","floor":3.0,"turns":6.0},{"damage":26.0,"enemies":"Lagavulin","floor":6.0,"turns":9.0},{"damage":2.0,"enemies":"2 Louse","floor":7.0,"turns":3.0},{"damage":59.0,"enemies":"Gremlin Nob","floor":8.0,"turns":6.0},{"damage":3.0,"enemies":"Large Slime","floor":11.0,"turns":6.0},{"damage":13.0,"enemies":"Hexaghost","floor":16.0,"turns":7.0},{"damage":24.0,"enemies":"Spheric Guardian","floor":18.0,"turns":5.0},{"damage":3.0,"enemies":"3 Byrds","floor":19.0,"turns":4.0},{"damage":14.0,"enemies":"Shelled Parasite and Fungi","floor":20.0,"turns":5.0},{"damage":7.0,"enemies":"Snake Plant","floor":22.0,"turns":5.0},{"damage":33.0,"enemies":"Sentry and Sphere","floor":24.0,"turns":5.0},{"damage":14.0,"enemies":"Snecko","floor":27.0,"turns":6.0},{"damage":3.0,"enemies":"Centurion and Healer","floor":29.0,"turns":5.0},{"damage":9,"enemies":"3 Cultists","floor":30,"turns":4},{"damage":71,"enemies":"Automaton","floor":33,"turns":8},{"damage":0,"enemies":"3 Darklings","floor":35,"turns":1}],"seed_played":"-7835223498649860579","potions_obtained":[{"floor":1.0,"key":"Regen Potion"},{"floor":2.0,"key":"Dexterity Potion"},{"floor":2.0,"key":"EntropicBrew"},{"floor":8.0,"key":"Strength Potion"},{"floor":19.0,"key":"Strength Potion"},{"floor":22.0,"key":"Fruit Juice"},{"floor":27.0,"key":"Block Potion"}],"is_trial":false,"path_per_floor":["M","?","M","$","?","E","M","E","T","$","M","?","?","?","R","B",null,"M","M","M","$","M","R","M","R","T","M","R","M","M","$","R","B",null,"M"],"character_chosen":"THE_BUGKNIGHT","items_purchased":["HollowMod:MothsMistake","War Paint","HollowMod:TaintedHusks+1","HollowMod:Grubsong"],"campfire_rested":1,"item_purchase_floors":[10,10,21,21],"current_hp_per_floor":[75,75,75,75,64,61,63,12,12,12,19,12,12,12,34,31,75,75,75,69,69,72,72,49,49,49,75,75,78,75,75,75,42,80,80],"gold":241,"neow_bonus":"TRANSFORM_CARD","is_prod":false,"is_daily":false,"chose_seed":false,"campfire_upgraded":4,"win_rate":0.0,"timestamp":1555480340,"path_taken":["M","?","?","$","?","E","M","E","T","$","M","?","?","?","R","BOSS","M","M","M","$","M","R","M","R","T","M","R","M","M","$","R","BOSS","M"],"build_version":"2019-01-23","purchased_purges":2,"victory":false,"max_hp_per_floor":[75,75,75,75,75,75,75,75,75,75,75,75,75,75,75,75,75,75,75,75,75,75,75,75,75,75,80,80,80,80,80,80,80,80,80],"card_choices":[{"not_picked":["HollowMod:BrokenVessel","HollowMod:RecoilStrike"],"picked":"HollowMod:DungDefenderAura","floor":1.0},{"not_picked":["HollowMod:HowlingWraiths","HollowMod:BrokenVessel"],"picked":"HollowMod:MothsMistake","floor":3.0},{"not_picked":["HollowMod:CrystalDash","HollowMod:WraithStrike"],"picked":"HollowMod:PogoStrike","floor":6.0},{"not_picked":["HollowMod:ChannelNail","HollowMod:FallenFury"],"picked":"HollowMod:CloakDash","floor":7.0},{"not_picked":["HollowMod:PureNailStrike","HollowMod:SoulEater"],"picked":"HollowMod:HuntersJournal","floor":8.0},{"not_picked":["HollowMod:CrystalDash","HollowMod:VengefulVoid"],"picked":"HollowMod:StalwartShell","floor":11.0},{"not_picked":["HollowMod:AwokenDreamNail","HollowMod:SharpenedShadows"],"picked":"HollowMod:Hiveblood+1","floor":16.0},{"not_picked":["HollowMod:BaldurShell+1","HollowMod:HowlingWraiths"],"picked":"HollowMod:DashSlash","floor":18.0},{"not_picked":["HollowMod:Overcharmed+1","HollowMod:PureNailStrike"],"picked":"HollowMod:MothsMistake","floor":19.0},{"not_picked":["HollowMod:HowlingWraiths","HollowMod:MantisMark+1"],"picked":"HollowMod:DoubleDash+1","floor":20.0},{"not_picked":["HollowMod:BaldurShell+1","HollowMod:DoubleDash+1"],"picked":"HollowMod:StalwartShell+1","floor":22.0},{"not_picked":["HollowMod:SoulSplash+1","HollowMod:TaintedHusks+1"],"picked":"HollowMod:MonarchWings+1","floor":24.0},{"not_picked":["HollowMod:ChannelNail+1","HollowMod:CycloneSlash","HollowMod:Weaversong"],"picked":"HollowMod:MantisMark+1","floor":27.0},{"not_picked":["HollowMod:HowlingWraiths+1","HollowMod:CloakDash+1","HollowMod:ChannelNail+1"],"picked":"HollowMod:DashSlash+1","floor":29},{"not_picked":["HollowMod:MonarchWings+1","HollowMod:ThornsofAgony","HollowMod:SoulStrike"],"picked":"HollowMod:InfectionAssault+1","floor":30},{"not_picked":["HollowMod:ZotesMagnificence","HollowMod:AwokenDreamNail","HollowMod:SlysStrikes"],"picked":"HollowMod:ElderbugsWisdom","floor":33}],"player_experience":7844,"relics_obtained":[{"floor":6.0,"key":"Matryoshka"},{"floor":8.0,"key":"Blood Vial"},{"floor":9.0,"key":"HollowMod:PlaceholderRelic"},{"floor":9.0,"key":"Anchor"},{"floor":26.0,"key":"Question Card"},{"floor":26.0,"key":"Sundial"}],"event_choices":[{"damage_healed":0.0,"max_hp_gain":0.0,"max_hp_loss":0.0,"gold_gain":0.0,"event_name":"Lab","player_choice":"Got Potions","floor":2.0,"gold_loss":0.0,"damage_taken":0.0},{"damage_healed":0.0,"max_hp_gain":0.0,"max_hp_loss":0.0,"gold_gain":75.0,"event_name":"World of Goop","player_choice":"Gather Gold","floor":5.0,"gold_loss":0.0,"damage_taken":11.0},{"cards_removed":["HollowMod:QuickDashStart"],"damage_healed":0.0,"max_hp_gain":0.0,"max_hp_loss":0.0,"gold_gain":0.0,"event_name":"Golden Wing","player_choice":"Card Removal","floor":12.0,"gold_loss":0.0,"damage_taken":7.0},{"damage_healed":0.0,"max_hp_gain":0.0,"max_hp_loss":0.0,"gold_gain":0.0,"event_name":"Dead Adventurer","player_choice":"Searched \u00271\u0027 times","floor":13.0,"gold_loss":0.0,"damage_taken":0.0,"relics_obtained":["Toxic Egg 2"]},{"damage_healed":0.0,"max_hp_gain":0.0,"max_hp_loss":0.0,"gold_gain":0.0,"event_name":"Liars Game","player_choice":"Ignored","floor":14.0,"gold_loss":0.0,"damage_taken":0.0}],"is_beta":false,"boss_relics":[{"not_picked":["Orrery","Astrolabe"],"picked":"Philosopher\u0027s Stone"},{"not_picked":["Runic Pyramid","Lizard Tail"],"picked":"Runic Dome"}],"items_purged_floors":[4,31],"is_endless":false,"potions_floor_spawned":[1,3,8,19,20,22,27],"killed_by":"3 Darklings","ascension_level":0}