{"gold_per_floor":[112,129,304,315,334,334,346,346,346,364,364,314,186,203,203,203],"floor_reached":16,"playtime":808,"items_purged":[],"score":94,"play_id":"1139f9ee-ed42-4943-ada8-cbaaf425f8cc","local_time":"20190412015455","is_ascension_mode":false,"campfire_choices":[{"data":"HollowMod:VengefulVoid","floor":6,"key":"SMITH"},{"data":"HollowMod:DescendingDark","floor":8,"key":"SMITH"},{"data":"HollowMod:WraithStrike","floor":11,"key":"SMITH"},{"floor":15,"key":"REST"}],"neow_cost":"NONE","seed_source_timestamp":568765092379101,"circlet_count":0,"master_deck":["HollowMod:NailStrikeStart","HollowMod:NailStrikeStart","HollowMod:QuickDashStart","HollowMod:QuickDashStart","HollowMod:QuickDashStart","HollowMod:NailStrikeStart","HollowMod:FocusHealStart","HollowMod:FocusHealStart","HollowMod:VengefulVoid","HollowMod:VengefulVoid+1","Doubt","HollowMod:MantisMark","HollowMod:QuirrelsAssistance","HollowMod:DescendingDark+1","HollowMod:WraithStrike+1","HollowMod:CloakDash","HollowMod:DescendingDark","HollowMod:WraithStrike"],"relics":["HollowMod:VesselMask","Ancient Tea Set"],"potions_floor_usage":[16],"damage_taken":[{"damage":4,"enemies":"Jaw Worm","floor":1,"turns":5},{"damage":1,"enemies":"2 Louse","floor":2,"turns":2},{"damage":6,"enemies":"Small Slimes","floor":4,"turns":4},{"damage":10,"enemies":"Looter","floor":5,"turns":3},{"damage":0,"enemies":"Large Slime","floor":7,"turns":6},{"damage":16,"enemies":"Blue Slaver","floor":10,"turns":3},{"damage":2,"enemies":"Red Slaver","floor":14,"turns":2},{"damage":75,"enemies":"The Guardian","floor":16,"turns":6}],"seed_played":"8640898890932493697","potions_obtained":[{"floor":2,"key":"Poison Potion"},{"floor":5,"key":"SteroidPotion"},{"floor":7,"key":"Ancient Potion"}],"is_trial":false,"path_per_floor":["M","M","?","M","M","R","M","R","T","M","R","?","$","M","R","B"],"character_chosen":"THE_BUGKNIGHT","items_purchased":["HollowMod:CloakDash","HollowMod:DescendingDark"],"campfire_rested":1,"item_purchase_floors":[13,13],"current_hp_per_floor":[82,81,81,75,65,65,67,67,67,51,51,51,51,49,73,0],"gold":203,"neow_bonus":"TEN_PERCENT_HP_BONUS","is_prod":false,"is_daily":false,"chose_seed":false,"campfire_upgraded":3,"win_rate":0.0,"timestamp":1555052095,"path_taken":["M","M","?","M","M","R","M","R","T","M","R","?","$","M","R","BOSS"],"build_version":"2019-01-23","purchased_purges":0,"victory":false,"max_hp_per_floor":[82,82,82,82,82,82,82,82,82,82,82,82,82,82,82,82],"card_choices":[{"not_picked":["HollowMod:CycloneSlash","HollowMod:SoulStrike"],"picked":"HollowMod:VengefulVoid","floor":1},{"not_picked":["HollowMod:OrbSkill","HollowMod:InfectedAttack"],"picked":"HollowMod:VengefulVoid","floor":2},{"not_picked":["HollowMod:InfectedAttack","HollowMod:ConfessorsAdvice"],"picked":"HollowMod:MantisMark","floor":4},{"not_picked":["HollowMod:SoulTotem","HollowMod:DefaultUncommonPower"],"picked":"HollowMod:QuirrelsAssistance","floor":5},{"not_picked":["HollowMod:InfectedAttack","HollowMod:CycloneSlash"],"picked":"HollowMod:DescendingDark","floor":7},{"not_picked":["HollowMod:ConfessorsAdvice","HollowMod:CloakDash"],"picked":"HollowMod:WraithStrike","floor":10},{"not_picked":["HollowMod:ConfessorsAdvice","HollowMod:QuirrelsAssistance"],"picked":"HollowMod:WraithStrike","floor":14}],"player_experience":630,"relics_obtained":[{"floor":9,"key":"Ancient Tea Set"}],"event_choices":[{"damage_healed":0,"gold_gain":175,"player_choice":"AGREE","damage_taken":0,"max_hp_gain":0,"max_hp_loss":0,"event_name":"Liars Game","floor":3,"gold_loss":0,"cards_obtained":["Doubt"]},{"cards_removed":["HollowMod:NailStrikeStart"],"damage_healed":0,"gold_gain":0,"player_choice":"Card Removal","damage_taken":0,"max_hp_gain":0,"max_hp_loss":0,"event_name":"The Cleric","floor":12,"gold_loss":50}],"is_beta":false,"boss_relics":[],"items_purged_floors":[],"is_endless":false,"potions_floor_spawned":[2,5,7],"killed_by":"The Guardian","ascension_level":0}