{"gold_per_floor":[110,123,123,25,45,45,71,90,90,68,68,68,87,102,102,199,199,218,218,218,51,66,66,98,98,98,13,13,13,25,25,25,25],"floor_reached":33,"playtime":2699,"items_purged":["HollowMod:NailStrikeStart"],"score":265,"play_id":"5a084d8a-9cef-4276-8499-6aeb95714f69","local_time":"20190415003128","is_ascension_mode":false,"campfire_choices":[{"data":"HollowMod:MantisMark","floor":6.0,"key":"SMITH"},{"data":"HollowMod:PogoStrike","floor":11.0,"key":"SMITH"},{"floor":15.0,"key":"REST"},{"data":"HollowMod:GreatSlash","floor":23,"key":"SMITH"},{"floor":29,"key":"REST"},{"floor":32,"key":"REST"}],"neow_cost":"NONE","seed_source_timestamp":0,"circlet_count":0,"master_deck":["HollowMod:NailStrikeStart","HollowMod:NailStrikeStart","HollowMod:NailStrikeStart","HollowMod:QuickDashStart","HollowMod:QuickDashStart","HollowMod:QuickDashStart","HollowMod:QuickDashStart","HollowMod:FocusHealStart","HollowMod:FocusHealStart","HollowMod:LifebloodCore","HollowMod:PogoStrike+1","HollowMod:PogoStrike","HollowMod:SoulStrike","HollowMod:MantisMark+1","HollowMod:PogoStrike+1","HollowMod:DesolateDive","HollowMod:SoulVessel","HollowMod:GrimmsGift","HollowMod:ChannelNail","HollowMod:Weaversong","HollowMod:DoubleDash+1","HollowMod:MantisMark","HollowMod:GreatSlash+1","HollowMod:AwokenDreamNail","HollowMod:DashSlash+1"],"special_seed":0,"relics":["HollowMod:VesselMask","Juzu Bracelet","MawBank","Question Card","Runic Dome","Blood Vial","Gremlin Horn","Potion Belt","Mercury Hourglass","Molten Egg 2"],"potions_floor_usage":[19,30],"damage_taken":[{"damage":11.0,"enemies":"Jaw Worm","floor":1.0,"turns":7.0},{"damage":0.0,"enemies":"Cultist","floor":2.0,"turns":5.0},{"damage":2.0,"enemies":"2 Louse","floor":5.0,"turns":2.0},{"damage":16.0,"enemies":"Lagavulin","floor":7.0,"turns":6.0},{"damage":9.0,"enemies":"Blue Slaver","floor":8.0,"turns":3.0},{"damage":10.0,"enemies":"Looter","floor":13.0,"turns":3.0},{"damage":1.0,"enemies":"2 Fungi Beasts","floor":14.0,"turns":3.0},{"damage":61.0,"enemies":"The Guardian","floor":16.0,"turns":11.0},{"damage":26,"enemies":"Spheric Guardian","floor":18,"turns":5},{"damage":27,"enemies":"Colosseum Slavers","floor":19,"turns":6},{"damage":12,"enemies":"3 Byrds","floor":22,"turns":6},{"damage":22,"enemies":"Gremlin Leader","floor":24,"turns":5},{"damage":8,"enemies":"3 Cultists","floor":30,"turns":3},{"damage":45,"enemies":"Snake Plant","floor":31,"turns":5},{"damage":69,"enemies":"Champ","floor":33,"turns":8}],"seed_played":"7958961071671617860","potions_obtained":[{"floor":1.0,"key":"Swift Potion"},{"floor":5.0,"key":"LiquidBronze"},{"floor":7.0,"key":"Fruit Juice"},{"floor":16.0,"key":"PowerPotion"},{"floor":22,"key":"Ancient Potion"}],"is_trial":false,"path_per_floor":["M","M","?","$","M","R","E","M","T","$","R","?","M","M","R","B",null,"M","?","?","$","M","R","E","?","T","?","?","R","M","M","R","B"],"character_chosen":"THE_BUGKNIGHT","items_purchased":["HollowMod:SoulStrike","HollowMod:SoulVessel","Blood Vial","HollowMod:MantisMark"],"campfire_rested":3,"item_purchase_floors":[4,10,21,21],"current_hp_per_floor":[65,67,67,67,67,67,60,53,53,53,53,46,36,35,59,2,80,58,35,61,61,55,55,39,39,39,39,39,63,57,18,42,0],"gold":25,"neow_bonus":"ONE_RANDOM_RARE_CARD","is_prod":false,"is_daily":false,"chose_seed":false,"campfire_upgraded":3,"win_rate":0.0,"timestamp":1555306288,"path_taken":["M","M","?","$","M","R","E","M","T","?","R","?","M","M","R","BOSS","M","?","?","$","M","R","E","?","T","?","?","R","M","M","R","BOSS"],"build_version":"2019-01-23","purchased_purges":1,"victory":false,"max_hp_per_floor":[75,75,75,75,75,75,80,80,80,80,80,80,80,80,80,80,80,80,80,80,80,80,80,80,80,80,80,80,80,80,80,80,80],"card_choices":[{"not_picked":["HollowMod:AbyssShriek","HollowMod:WraithStrike"],"picked":"HollowMod:PogoStrike","floor":1.0},{"not_picked":["HollowMod:VengefulVoid","HollowMod:ChannelNail"],"picked":"HollowMod:PogoStrike","floor":2.0},{"not_picked":["HollowMod:DoubleDash","HollowMod:SoulTotem"],"picked":"HollowMod:MantisMark","floor":5.0},{"not_picked":["HollowMod:ZotesMagnificence","HollowMod:CoiledNail"],"picked":"HollowMod:PogoStrike","floor":7.0},{"not_picked":["HollowMod:HowlingWraiths","HollowMod:RecoilStrike"],"picked":"HollowMod:DesolateDive","floor":8.0},{"not_picked":["HollowMod:InfectedAttack","HollowMod:RecoilStrike","HollowMod:ChannelNail"],"picked":"HollowMod:GrimmsGift","floor":13.0},{"not_picked":["HollowMod:SoulStrike","HollowMod:PerfectDash","HollowMod:SharpenedNail"],"picked":"HollowMod:ChannelNail","floor":14.0},{"not_picked":["HollowMod:AwokenDreamNail","HollowMod:Hiveblood","HollowMod:theNailsmith"],"picked":"HollowMod:Weaversong","floor":16.0},{"not_picked":["HollowMod:RecoilStrike","HollowMod:InfectedCysts","HollowMod:PogoStrike"],"picked":"HollowMod:DoubleDash+1","floor":18},{"not_picked":["HollowMod:WraithStrike","HollowMod:InfectedAttack","HollowMod:DashSlash"],"picked":"HollowMod:GreatSlash","floor":22},{"not_picked":["HollowMod:VengefulVoid+1","HollowMod:MantisMark","HollowMod:InfectedCysts+1"],"picked":"HollowMod:AwokenDreamNail","floor":24},{"not_picked":["HollowMod:DoubleDash","HollowMod:InfectedAttack+1","HollowMod:ChannelNail+1","HollowMod:SoulVessel"],"picked":"SKIP","floor":30},{"not_picked":["HollowMod:CycloneSlash+1","HollowMod:GreatSlash+1","HollowMod:PerfectDash+1"],"picked":"HollowMod:DashSlash+1","floor":31}],"player_experience":5145,"relics_obtained":[{"floor":7.0,"key":"Juzu Bracelet"},{"floor":9.0,"key":"MawBank"},{"floor":24,"key":"Gremlin Horn"},{"floor":26,"key":"Mercury Hourglass"}],"event_choices":[{"damage_healed":0.0,"max_hp_gain":0.0,"max_hp_loss":0.0,"gold_gain":0.0,"event_name":"Accursed Blacksmith","player_choice":"Forge","floor":3.0,"gold_loss":0.0,"damage_taken":0.0,"cards_upgraded":["HollowMod:PogoStrike"]},{"damage_healed":0.0,"max_hp_gain":0.0,"max_hp_loss":0.0,"gold_gain":0.0,"event_name":"Scrap Ooze","player_choice":"Success","floor":12.0,"gold_loss":0.0,"damage_taken":7.0,"relics_obtained":["Question Card"]},{"damage_healed":0,"gold_gain":0,"player_choice":"Fight","damage_taken":0,"max_hp_gain":0,"max_hp_loss":0,"event_name":"Colosseum","floor":19,"gold_loss":0},{"damage_healed":0,"gold_gain":0,"player_choice":"Fled From Nobs","damage_taken":0,"max_hp_gain":0,"max_hp_loss":0,"event_name":"Colosseum","floor":19,"gold_loss":0},{"damage_healed":26,"gold_gain":0,"player_choice":"Heal","damage_taken":0,"max_hp_gain":0,"max_hp_loss":0,"event_name":"The Library","floor":20,"gold_loss":0},{"damage_healed":0,"gold_gain":0,"player_choice":"Opened","damage_taken":0,"relics_obtained":["Potion Belt"],"max_hp_gain":0,"max_hp_loss":0,"event_name":"The Mausoleum","floor":25,"gold_loss":0},{"damage_healed":0,"gold_gain":0,"player_choice":"Obtained Relic","damage_taken":0,"relics_obtained":["Molten Egg 2"],"max_hp_gain":0,"max_hp_loss":0,"event_name":"Addict","floor":27,"gold_loss":85},{"damage_healed":0,"gold_gain":0,"player_choice":"Ignored","damage_taken":0,"max_hp_gain":0,"max_hp_loss":0,"event_name":"Cursed Tome","floor":28,"gold_loss":0}],"is_beta":false,"boss_relics":[{"not_picked":["Ectoplasm","Cursed Key"],"picked":"Runic Dome"}],"items_purged_floors":[4],"is_endless":false,"potions_floor_spawned":[1,5,7,16,19,22],"killed_by":"Champ","ascension_level":0}