{"gold_per_floor":[114,64,64,78,94,94,122,142,167,183,203,203,278,295,295,295],"floor_reached":16,"playtime":920,"items_purged":[],"score":104,"play_id":"27098a8c-b038-42db-b264-840d90900b9c","local_time":"20190428231919","is_ascension_mode":false,"campfire_choices":[{"data":"HollowMod:SoulSplash","floor":6,"key":"SMITH"},{"floor":15,"key":"REST"}],"neow_cost":"NONE","seed_source_timestamp":1281746870116619,"circlet_count":0,"master_deck":["HollowMod:NailStrikeStart","HollowMod:NailStrikeStart","HollowMod:NailStrikeStart","HollowMod:QuickDashStart","HollowMod:QuickDashStart","HollowMod:QuickDashStart","HollowMod:FocusHealStart","HollowMod:FocusHealStart","HollowMod:SoulVessel","HollowMod:SoulStrike","HollowMod:SoulSplash+1","HollowMod:PogoStrike","HollowMod:SoulTotem","HollowMod:SoulTotem","HollowMod:DreamGate","HollowMod:DoubleDash"],"relics":["HollowMod:VesselMask","Centennial Puzzle","Regal Pillow"],"potions_floor_usage":[7],"damage_taken":[{"damage":7,"enemies":"Jaw Worm","floor":1,"turns":5},{"damage":5,"enemies":"Small Slimes","floor":4,"turns":5},{"damage":1,"enemies":"Cultist","floor":5,"turns":3},{"damage":49,"enemies":"Gremlin Nob","floor":7,"turns":5},{"damage":18,"enemies":"Large Slime","floor":8,"turns":5},{"damage":4,"enemies":"Blue Slaver","floor":10,"turns":3},{"damage":0,"enemies":"Exordium Wildlife","floor":11,"turns":3},{"damage":2,"enemies":"2 Fungi Beasts","floor":14,"turns":3},{"damage":94,"enemies":"Hexaghost","floor":16,"turns":12}],"seed_played":"7125353901409374268","potions_obtained":[{"floor":1,"key":"GamblersBrew"},{"floor":4,"key":"SmokeBomb"},{"floor":14,"key":"FearPotion"}],"is_trial":false,"path_per_floor":["M","?","?","M","M","R","E","M","T","M","M","?","?","M","R","B"],"character_chosen":"THE_BUGKNIGHT","items_purchased":[],"campfire_rested":1,"item_purchase_floors":[],"current_hp_per_floor":[82,82,82,82,81,81,40,26,26,26,30,57,46,48,82,0],"gold":295,"neow_bonus":"TEN_PERCENT_HP_BONUS","is_prod":false,"is_daily":false,"chose_seed":false,"campfire_upgraded":1,"win_rate":0.0,"timestamp":1556511559,"path_taken":["M","?","?","M","?","R","E","M","T","M","M","?","?","M","R","BOSS"],"build_version":"2019-01-23","purchased_purges":0,"victory":false,"max_hp_per_floor":[82,82,82,82,82,82,82,82,82,82,82,82,82,82,82,82],"card_choices":[{"not_picked":["HollowMod:PureNailStrike","HollowMod:HowlingWraiths"],"picked":"HollowMod:SoulVessel","floor":1},{"not_picked":["HollowMod:CycloneSlash","HollowMod:HuntersJournal"],"picked":"HollowMod:SoulStrike","floor":4},{"not_picked":["HollowMod:ChannelNail","HollowMod:VengefulSpirit"],"picked":"HollowMod:SoulSplash","floor":5},{"not_picked":["HollowMod:SoulSplash","HollowMod:ChannelNail"],"picked":"HollowMod:PogoStrike","floor":7},{"not_picked":["HollowMod:VengefulSpirit","HollowMod:TaintedHusks"],"picked":"HollowMod:SoulTotem","floor":8},{"not_picked":["HollowMod:VoidDash","HollowMod:AbyssShriek"],"picked":"HollowMod:SoulTotem","floor":10},{"not_picked":["HollowMod:WraithStrike","HollowMod:DoubleDash"],"picked":"HollowMod:DreamGate","floor":11},{"not_picked":["HollowMod:ChannelNail","HollowMod:RecoilStrike"],"picked":"HollowMod:DoubleDash","floor":14}],"player_experience":19550,"relics_obtained":[{"floor":7,"key":"Centennial Puzzle"},{"floor":9,"key":"Regal Pillow"}],"event_choices":[{"cards_removed":["HollowMod:NailStrikeStart"],"damage_healed":0,"gold_gain":0,"player_choice":"Card Removal","damage_taken":0,"max_hp_gain":0,"max_hp_loss":0,"event_name":"The Cleric","floor":2,"gold_loss":50},{"damage_healed":27,"gold_gain":0,"player_choice":"Banana","damage_taken":0,"max_hp_gain":0,"max_hp_loss":0,"event_name":"Big Fish","floor":12,"gold_loss":0},{"damage_healed":0,"gold_gain":75,"player_choice":"Gather Gold","damage_taken":11,"max_hp_gain":0,"max_hp_loss":0,"event_name":"World of Goop","floor":13,"gold_loss":0}],"is_beta":false,"boss_relics":[],"items_purged_floors":[],"is_endless":false,"potions_floor_spawned":[1,4,14],"killed_by":"Hexaghost","ascension_level":0}