{"gold_per_floor":[99,118,118,118,118,18,218,468,168,0,100,100,150,150,166,166],"floor_reached":16,"playtime":1686,"items_purged":[],"score":240,"play_id":"3027b9cc-0eac-43b0-b3b0-cd7a4fd85005","local_time":"20190607203940","is_ascension_mode":false,"campfire_choices":[{"data":"HollowMod:NewLastStag","floor":14.0,"key":"SMITH"}],"neow_cost":"","seed_source_timestamp":0,"circlet_count":0,"master_deck":["HollowMod:QuickDashStart","HollowMod:QuickDashStart","HollowMod:QuickDashStart","HollowMod:QuickDashStart","HollowMod:FocusHealStart","HollowMod:PogoStrike","HollowMod:RadiancesLament","HollowMod:InfectedAttack","HollowMod:InfectedAttack","HollowMod:InfectedAttack","HollowMod:InfectedAttack","HollowMod:NewLastStag+1"],"special_seed":0,"relics":["HollowMod:VesselMask","HollowMod:StagPassRelic","HollowMod:StagPassRelic"],"potions_floor_usage":[],"damage_taken":[{"damage":155.0,"enemies":"HollowMod:StalkingDevout","floor":2.0,"turns":6.0},{"damage":167.0,"enemies":"HollowMod:StalkingDevout","floor":4.0,"turns":6.0},{"damage":146.0,"enemies":"HollowMod:StalkingDevout","floor":6.0,"turns":6.0},{"damage":0.0,"enemies":"HollowMod:StalkingDevout","floor":7.0,"turns":1.0},{"damage":0.0,"enemies":"HollowMod:StalkingDevout","floor":15.0,"turns":1.0},{"damage":1,"enemies":"Cultist","floor":16,"turns":2}],"seed_played":"-3611851524412776918","potions_obtained":[],"is_trial":false,"path_per_floor":["M","M","M","M","?","M","M","?","?","E","R","M","T","R","M","M"],"character_chosen":"THE_BUGKNIGHT","items_purchased":[],"campfire_rested":0,"item_purchase_floors":[],"current_hp_per_floor":[575,420,420,253,253,107,107,107,81,86,86,86,86,86,86,85],"gold":166,"neow_bonus":"","is_prod":false,"is_daily":false,"chose_seed":false,"campfire_upgraded":1,"win_rate":0.0,"timestamp":1559957980,"path_taken":["M","?","?","?","?","E","R","M","T","R","M","M"],"build_version":"2019-01-23","purchased_purges":0,"victory":false,"max_hp_per_floor":[575,575,575,575,575,575,575,575,575,580,580,580,580,580,580,580],"card_choices":[{"not_picked":["HollowMod:NewLittleFool","HollowMod:LifebloodCocoon","HollowMod:SoulVessel"],"picked":"SKIP","floor":2.0},{"not_picked":["HollowMod:SharpenedNail","HollowMod:Grubsong","HollowMod:CloakDash"],"picked":"SKIP","floor":4.0},{"not_picked":["HollowMod:GoodIntentions","HollowMod:MawleksShell","HollowMod:FallenFury"],"picked":"SKIP","floor":7.0},{"not_picked":["HollowMod:ShadowDash","HollowMod:LifebloodCocoon","HollowMod:WraithStrike"],"picked":"SKIP","floor":15.0}],"player_experience":20740,"relics_obtained":[],"event_choices":[{"cards_removed":["HollowMod:NailStrikeStart"],"damage_healed":0.0,"max_hp_gain":0.0,"max_hp_loss":0.0,"gold_gain":0.0,"event_name":"Living Wall","player_choice":"Forget","floor":9.0,"gold_loss":0.0,"damage_taken":0.0}],"is_beta":false,"boss_relics":[],"items_purged_floors":[],"is_endless":false,"potions_floor_spawned":[4,6],"killed_by":"Cultist","ascension_level":0}