{"gold_per_floor":[115,115,135,153,153,83,121,121,121,144,144,21,196,216,216,216],"floor_reached":16,"playtime":789,"items_purged":["HollowMod:SoulSplash"],"score":100,"play_id":"5644a2ea-3d4d-4c54-8a06-b3d30d31a262","local_time":"20190611230230","is_ascension_mode":false,"campfire_choices":[{"floor":8,"key":"REST"},{"data":"HollowMod:VoidDash","floor":11,"key":"SMITH"},{"floor":15,"key":"REST"}],"neow_cost":"NONE","seed_source_timestamp":184339276482735,"circlet_count":0,"master_deck":["HollowMod:NailStrikeStart","HollowMod:NailStrikeStart","HollowMod:NailStrikeStart","HollowMod:NailStrikeStart","HollowMod:QuickDashStart","HollowMod:QuickDashStart","HollowMod:QuickDashStart","HollowMod:QuickDashStart","HollowMod:FocusHealStart","HollowMod:PogoStrike","HollowMod:DashSlash","HollowMod:SiblingsSouls","HollowMod:VoidDash+1","HollowMod:WraithStrike","HollowMod:NewGlowingWomb","HollowMod:ShadowDash+1","Doubt","HollowMod:CrystalDash+1"],"relics":["HollowMod:VesselMask","Golden Idol","Ginger","Toxic Egg 2"],"potions_floor_usage":[7,14,16],"damage_taken":[{"damage":1,"enemies":"Cultist","floor":1,"turns":3},{"damage":0,"enemies":"2 Louse","floor":3,"turns":2},{"damage":1,"enemies":"Jaw Worm","floor":4,"turns":5},{"damage":38,"enemies":"Gremlin Nob","floor":7,"turns":4},{"damage":1,"enemies":"Large Slime","floor":10,"turns":6},{"damage":17,"enemies":"Exordium Wildlife","floor":14,"turns":5},{"damage":86,"enemies":"Hexaghost","floor":16,"turns":16}],"seed_played":"-133759213120228598","potions_obtained":[{"floor":1,"key":"Regen Potion"},{"floor":3,"key":"AttackPotion"},{"floor":10,"key":"AttackPotion"}],"is_trial":false,"path_per_floor":["M","?","M","M","?","$","E","R","T","M","R","$","?","M","R","B"],"character_chosen":"THE_BUGKNIGHT","items_purchased":["HollowMod:VoidDash","HollowMod:ShadowDash+1"],"campfire_rested":2,"item_purchase_floors":[6,12],"current_hp_per_floor":[82,62,62,67,67,67,29,53,53,62,62,62,62,45,69,0],"gold":216,"neow_bonus":"TEN_PERCENT_HP_BONUS","is_prod":false,"is_daily":false,"chose_seed":false,"campfire_upgraded":1,"win_rate":0.0,"timestamp":1560312150,"path_taken":["M","?","M","M","?","$","E","R","T","?","R","$","?","M","R","BOSS"],"build_version":"2019-01-23","purchased_purges":1,"victory":false,"max_hp_per_floor":[82,82,82,82,82,82,82,82,82,82,82,82,82,82,82,82],"card_choices":[{"not_picked":["HollowMod:BlackWings","HollowMod:FastStrike"],"picked":"HollowMod:DashSlash","floor":1},{"not_picked":["HollowMod:FastStrike","HollowMod:ChannelNail"],"picked":"HollowMod:SiblingsSouls","floor":3},{"not_picked":["HollowMod:ChannelNail","HollowMod:SoulVessel"],"picked":"HollowMod:SoulSplash","floor":4},{"not_picked":["HollowMod:PureNailStrike","HollowMod:SoulSplash"],"picked":"HollowMod:WraithStrike","floor":7},{"not_picked":["HollowMod:SoulVessel","HollowMod:theNailsmith+1"],"picked":"HollowMod:NewGlowingWomb","floor":10},{"not_picked":["HollowMod:LifebloodCocoon+1","HollowMod:SoulSplash+1"],"picked":"HollowMod:CrystalDash+1","floor":14}],"player_experience":23035,"relics_obtained":[{"floor":7,"key":"Ginger"},{"floor":9,"key":"Toxic Egg 2"}],"event_choices":[{"damage_healed":0,"gold_gain":0,"player_choice":"Take Damage","damage_taken":20,"relics_obtained":["Golden Idol"],"max_hp_gain":0,"max_hp_loss":0,"event_name":"Golden Idol","floor":2,"gold_loss":0},{"damage_healed":0,"gold_gain":0,"player_choice":"Bought 0 Potions","damage_taken":0,"max_hp_gain":0,"max_hp_loss":0,"event_name":"The Woman in Blue","floor":5,"gold_loss":0},{"damage_healed":0,"gold_gain":175,"player_choice":"AGREE","damage_taken":0,"max_hp_gain":0,"max_hp_loss":0,"event_name":"Liars Game","floor":13,"gold_loss":0,"cards_obtained":["Doubt"]}],"is_beta":false,"boss_relics":[],"items_purged_floors":[12],"is_endless":false,"potions_floor_spawned":[1,3,10],"killed_by":"Hexaghost","ascension_level":0}