{"gold_per_floor":[112,124,424,438,455,455,471,471,471,491,510,275,291,256,256,356,356,370,381,401,51,51,69,69,82,107,122,122,132,143,47,47,145,145,162,162,178,194,194,229,284,284,284,284,0,34,48,48],"floor_reached":48,"playtime":2220,"items_purged":["HollowMod:DoubleDash","HollowMod:GoodIntentions"],"score":565,"play_id":"92c04af4-ac1c-4158-a2f9-f0e3708b04ae","local_time":"20190616231637","daily_mods":["SealedDeck"],"is_ascension_mode":false,"campfire_choices":[{"data":"HollowMod:NewJinnsSoul","floor":6.0,"key":"SMITH"},{"data":"HollowMod:GrimmsGift","floor":8.0,"key":"SMITH"},{"floor":15.0,"key":"REST"},{"floor":24.0,"key":"REST"},{"data":"HollowMod:SlysStrikes","floor":28,"key":"SMITH"},{"floor":32,"key":"REST"},{"data":"Enlightenment","floor":42,"key":"SMITH"}],"neow_cost":"","seed_source_timestamp":0,"circlet_count":0,"master_deck":["HollowMod:SharpenedNail","HollowMod:DoubleDash","HollowMod:SiblingsSouls","HollowMod:FallenFury","HollowMod:NewLittleFool","HollowMod:CornifersMapStart","HollowMod:NewJinnsSoul+1","HollowMod:NewLittleFool","HollowMod:GrimmsGift+1","HollowMod:QuirrelsAssistance","Flash of Steel","HollowMod:SlysStrikes+1","HollowMod:GreatSlash+1","HollowMod:GoodIntentions+1","Bandage Up","HollowMod:MidwifesHunger","HollowMod:QuirrelsAssistance","Enlightenment+1","HollowMod:ZotesMagnificence","HollowMod:MantisMark+1","HollowMod:DashSlash+1","Madness","Madness","Parasite","HollowMod:CornifersMapStart+1"],"special_seed":0,"relics":["HollowMod:VesselMask","Old Coin","HollowMod:LifeEnderRelic","HollowMod:GodTunerRelic","Vajra","PreservedInsect","Runic Dome","Darkstone Periapt","Bird Faced Urn","Gremlin Horn","Red Mask","Bronze Scales"],"potions_floor_usage":[25,30,33,41,41,46],"damage_taken":[{"damage":0.0,"enemies":"Small Slimes","floor":1.0,"turns":3.0},{"damage":1.0,"enemies":"Jaw Worm","floor":2.0,"turns":2.0},{"damage":3.0,"enemies":"Cultist","floor":4.0,"turns":4.0},{"damage":6.0,"enemies":"Looter","floor":5.0,"turns":4.0},{"damage":0.0,"enemies":"Exordium Wildlife","floor":7.0,"turns":3.0},{"damage":10.0,"enemies":"3 Louse","floor":10.0,"turns":5.0},{"damage":4.0,"enemies":"Exordium Thugs","floor":11.0,"turns":4.0},{"damage":5.0,"enemies":"Looter","floor":13.0,"turns":3.0},{"damage":13.0,"enemies":"HollowMod:FalseKnight","floor":16.0,"turns":8.0},{"damage":21.0,"enemies":"Spheric Guardian","floor":18.0,"turns":4.0},{"damage":9.0,"enemies":"2 Thieves","floor":19.0,"turns":4.0},{"damage":29.0,"enemies":"Snake Plant","floor":20.0,"turns":3.0},{"damage":18.0,"enemies":"Sentry and Sphere","floor":23.0,"turns":4.0},{"damage":12,"enemies":"3 Cultists","floor":25,"turns":4},{"damage":4,"enemies":"Centurion and Healer","floor":27,"turns":5},{"damage":0,"enemies":"Sentry and Sphere","floor":29,"turns":3},{"damage":19,"enemies":"Snake Plant","floor":30,"turns":3},{"damage":15,"enemies":"Automaton","floor":33,"turns":6},{"damage":24,"enemies":"3 Shapes","floor":35,"turns":3},{"damage":12,"enemies":"3 Darklings","floor":37,"turns":2},{"damage":0,"enemies":"4 Shapes","floor":38,"turns":1},{"damage":9,"enemies":"Giant Head","floor":40,"turns":5},{"damage":17,"enemies":"2 Orb Walkers","floor":41,"turns":2},{"damage":0,"enemies":"Reptomancer","floor":46,"turns":3},{"damage":20,"enemies":"Writhing Mass","floor":47,"turns":4},{"damage":17,"enemies":"Maw","floor":48,"turns":2}],"seed_played":"2862009653099127343","potions_obtained":[{"floor":1.0,"key":"AttackPotion"},{"floor":7.0,"key":"Swift Potion"},{"floor":11.0,"key":"Energy Potion"},{"floor":16.0,"key":"GamblersBrew"},{"floor":20.0,"key":"EssenceOfSteel"},{"floor":23.0,"key":"Poison Potion"},{"floor":27,"key":"AttackPotion"},{"floor":30,"key":"Explosive Potion"},{"floor":33,"key":"Ancient Potion"},{"floor":35,"key":"SneckoOil"},{"floor":37,"key":"FearPotion"},{"floor":46,"key":"Explosive Potion"},{"floor":47,"key":"SneckoOil"}],"is_trial":true,"path_per_floor":["M","M","?","M","M","R","M","R","T","M","M","$","M","?","R","B",null,"M","M","M","$","?","M","R","M","T","M","R","M","M","$","R","B",null,"M","?","M","M","?","E","?","R","T","$","?","E","M","M"],"character_chosen":"THE_BUGKNIGHT","items_purchased":["HollowMod:QuirrelsAssistance","Flash of Steel","Bandage Up","Vajra","Enlightenment"],"campfire_rested":3,"item_purchase_floors":[12,12,21,21,31],"current_hp_per_floor":[75,74,49,46,40,40,40,40,40,30,26,26,21,39,61,48,75,54,45,16,16,21,7,29,25,25,25,25,29,14,14,36,25,75,55,55,43,47,38,33,16,16,16,16,16,22,14,0],"gold":48,"neow_bonus":"","is_prod":false,"is_daily":false,"chose_seed":false,"campfire_upgraded":4,"win_rate":0.0,"timestamp":1560744997,"path_taken":["M","M","?","M","M","R","M","R","T","M","M","$","M","?","R","BOSS","M","M","M","$","?","?","R","M","T","M","R","M","M","$","R","BOSS","M","?","M","M","?","E","?","R","T","$","?","E","M","M"],"build_version":"2019-01-23","purchased_purges":2,"victory":false,"max_hp_per_floor":[75,75,75,75,75,75,75,75,75,75,75,75,75,75,75,75,75,75,75,75,75,75,75,75,75,75,75,75,75,75,75,75,75,75,75,75,75,75,75,75,75,75,75,75,75,75,81,81],"card_choices":[{"not_picked":["HollowMod:VengefulSpirit","HollowMod:VengefulVoid","HollowMod:DesolateDive"],"picked":"SKIP","floor":1.0},{"not_picked":["HollowMod:VengefulVoid","HollowMod:BaldurShell"],"picked":"HollowMod:NewLittleFool","floor":2.0},{"not_picked":["HollowMod:SharpenedNail","HollowMod:GoodIntentions"],"picked":"HollowMod:DashSlash","floor":4.0},{"not_picked":["HollowMod:MothsMistake","HollowMod:CrystalDash","HollowMod:SoulStrike"],"picked":"SKIP","floor":5.0},{"not_picked":["HollowMod:GoodIntentions","HollowMod:SoulVessel"],"picked":"HollowMod:GrimmsGift","floor":7.0},{"not_picked":["HollowMod:PureNailStrike","HollowMod:SoulShaman","HollowMod:CloakDash"],"picked":"SKIP","floor":10.0},{"not_picked":["HollowMod:InfectedCysts","HollowMod:ChannelNail","HollowMod:BrokenVessel"],"picked":"SKIP","floor":11.0},{"not_picked":["HollowMod:SiblingsShadow","HollowMod:ShapeofUnn","HollowMod:SoulVessel"],"picked":"SKIP","floor":13.0},{"not_picked":["HollowMod:Hiveblood","HollowMod:LifebloodCore"],"picked":"HollowMod:SlysStrikes","floor":16.0},{"not_picked":["HollowMod:FastStrike+1","HollowMod:BrokenVessel"],"picked":"HollowMod:GreatSlash+1","floor":18.0},{"not_picked":["HollowMod:RecoilStrike","HollowMod:NewJinnsSoul"],"picked":"HollowMod:GoodIntentions+1","floor":19.0},{"not_picked":["HollowMod:SharpenedNail","HollowMod:HowlingWraiths","HollowMod:WraithStrike"],"picked":"SKIP","floor":20.0},{"not_picked":["HollowMod:CycloneSlash","HollowMod:InfectedAttack","HollowMod:FallenFury"],"picked":"SKIP","floor":23.0},{"not_picked":["HollowMod:NewGlowingWomb","HollowMod:HuntersJournal","HollowMod:TaintedHusks"],"picked":"SKIP","floor":25},{"not_picked":["HollowMod:PureNailStrike","HollowMod:ThornsofAgony","HollowMod:LifebloodCore"],"picked":"SKIP","floor":27},{"not_picked":["HollowMod:BrokenVessel","HollowMod:SiblingsSouls"],"picked":"HollowMod:QuirrelsAssistance","floor":29},{"not_picked":["HollowMod:SharpenedNail","HollowMod:NewJinnsSoul+1","HollowMod:HowlingWraiths"],"picked":"SKIP","floor":30},{"not_picked":["HollowMod:AwokenDreamNail","HollowMod:Hiveblood"],"picked":"HollowMod:ZotesMagnificence","floor":33},{"not_picked":["HollowMod:InfectedCysts","HollowMod:WraithStrike"],"picked":"HollowMod:MantisMark+1","floor":35},{"not_picked":["HollowMod:SiblingsSouls+1","HollowMod:VengefulVoid+1","HollowMod:VengefulSpirit"],"picked":"SKIP","floor":37},{"not_picked":["HollowMod:HowlingWraiths","HollowMod:DescendingDark"],"picked":"HollowMod:DashSlash+1","floor":38},{"not_picked":["HollowMod:DoubleDash+1","HollowMod:ThornsofAgony+1","HollowMod:SoulMaster"],"picked":"SKIP","floor":40},{"not_picked":["HollowMod:RecoilStrike","HollowMod:LifebloodCore","HollowMod:HeavyBlow"],"picked":"SKIP","floor":46},{"not_picked":["HollowMod:DashSlash+1","HollowMod:VengefulSpirit"],"picked":"HollowMod:CornifersMapStart+1","floor":47}],"player_experience":24085,"relics_obtained":[{"floor":9.0,"key":"HollowMod:LifeEnderRelic"},{"floor":26,"key":"PreservedInsect"},{"floor":40,"key":"Darkstone Periapt"},{"floor":41,"key":"Bird Faced Urn"},{"floor":43,"key":"Gremlin Horn"},{"floor":46,"key":"Bronze Scales"}],"event_choices":[{"damage_healed":0.0,"max_hp_gain":0.0,"max_hp_loss":0.0,"gold_gain":0.0,"event_name":"Scrap Ooze","player_choice":"Success","floor":3.0,"gold_loss":0.0,"damage_taken":25.0,"relics_obtained":["Old Coin"]},{"damage_healed":18.0,"max_hp_gain":0.0,"max_hp_loss":0.0,"gold_gain":0.0,"event_name":"The Cleric","player_choice":"Healed","floor":14.0,"gold_loss":35.0,"damage_taken":0.0},{"cards_removed":["HollowMod:NewLittleFool"],"damage_healed":5.0,"max_hp_gain":0.0,"max_hp_loss":0.0,"gold_gain":0.0,"event_name":"Bonfire Elementals","player_choice":"Offered Common","floor":22.0,"gold_loss":0.0,"damage_taken":0.0},{"cards_removed":["HollowMod:NewLittleFool"],"damage_healed":5.0,"max_hp_gain":0.0,"max_hp_loss":0.0,"gold_gain":0.0,"event_name":"Bonfire Elementals","player_choice":"Offered Special","floor":22.0,"gold_loss":0.0,"damage_taken":0.0},{"cards_removed":["HollowMod:DashSlash"],"damage_healed":0,"gold_gain":0,"player_choice":"Removed Attack","damage_taken":0,"max_hp_gain":0,"max_hp_loss":0,"event_name":"Falling","floor":36,"gold_loss":0},{"damage_healed":0,"gold_gain":0,"player_choice":"Embrace Madness","damage_taken":9,"max_hp_gain":0,"max_hp_loss":0,"event_name":"Winding Halls","floor":39,"gold_loss":0,"cards_obtained":["Madness","Madness"]},{"damage_healed":0,"gold_gain":0,"player_choice":"Fight","damage_taken":0,"max_hp_gain":0,"max_hp_loss":0,"event_name":"Mysterious Sphere","floor":41,"gold_loss":0},{"damage_healed":0,"gold_gain":0,"player_choice":"Paid","damage_taken":0,"relics_obtained":["Red Mask"],"max_hp_gain":0,"max_hp_loss":0,"event_name":"Tomb of Lord Red Mask","floor":45,"gold_loss":284}],"is_beta":false,"boss_relics":[{"not_picked":["Ectoplasm","Cursed Key"],"picked":"HollowMod:GodTunerRelic"},{"not_picked":["Black Star","White Beast Statue"],"picked":"Runic Dome"}],"items_purged_floors":[12,21],"is_endless":false,"potions_floor_spawned":[1,7,11,16,20,23,27,30,33,35,37,46,47],"killed_by":"Maw","ascension_level":0}