{"gold_per_floor":[99,99,99,99,99,127,127,127,127],"floor_reached":9,"playtime":245,"items_purged":[],"score":78,"play_id":"2f49df96-806a-4e00-8e60-d383ef5b9728","local_time":"20190616222735","is_ascension_mode":false,"campfire_choices":[{"data":"1","floor":6.0,"key":"LIFT"}],"neow_cost":"NONE","seed_source_timestamp":0,"circlet_count":0,"master_deck":["HollowMod:NailStrikeStart","HollowMod:NailStrikeStart","HollowMod:NailStrikeStart","HollowMod:NailStrikeStart","HollowMod:QuickDashStart","HollowMod:QuickDashStart","HollowMod:QuickDashStart","HollowMod:QuickDashStart","HollowMod:FocusHealStart","HollowMod:PogoStrike","HollowMod:MantisMark+1","HollowMod:MantisMark+1","HollowMod:MantisMark+1"],"special_seed":0,"relics":["HollowMod:VesselMask","Girya","NeowsBlessing"],"potions_floor_usage":[],"damage_taken":[{"damage":0.0,"enemies":"Small Slimes","floor":1.0,"turns":1.0},{"damage":0.0,"enemies":"2 Louse","floor":2.0,"turns":1.0},{"damage":0.0,"enemies":"Cultist","floor":4.0,"turns":1.0},{"damage":0.0,"enemies":"Exordium Wildlife","floor":5.0,"turns":1.0},{"damage":0.0,"enemies":"HollowMod:Zote","floor":6.0,"turns":2.0},{"damage":0.0,"enemies":"HollowMod:Zote","floor":6.0,"turns":2.0}],"seed_played":"7320158053874567822","potions_obtained":[],"is_trial":false,"path_per_floor":["M","M","$","M","M","R","?","M","?"],"character_chosen":"THE_BUGKNIGHT","items_purchased":[],"campfire_rested":0,"item_purchase_floors":[],"current_hp_per_floor":[75,75,75,75,75,75,75,50,50],"gold":127,"neow_bonus":"THREE_ENEMY_KILL","is_prod":false,"is_daily":false,"chose_seed":false,"campfire_upgraded":0,"win_rate":0.0,"timestamp":1560742055,"path_taken":["M","M","$","M","M","R","?"],"build_version":"2019-01-23","purchased_purges":0,"victory":false,"max_hp_per_floor":[75,75,75,75,75,75,75,75,75],"card_choices":[{"not_picked":["HollowMod:DashSlash","HollowMod:SiblingsSouls","HollowMod:CoiledNail"],"picked":"SKIP","floor":1.0},{"not_picked":["HollowMod:CloakDash","HollowMod:DashSlash","HollowMod:SoulStrike"],"picked":"SKIP","floor":2.0},{"not_picked":["HollowMod:HeavyBlow","HollowMod:ShadowDash","HollowMod:NewJinnsSoul"],"picked":"SKIP","floor":4.0},{"not_picked":["HollowMod:SoulEater","HollowMod:CornifersMapStart","HollowMod:GrimmsGift"],"picked":"SKIP","floor":5.0}],"player_experience":23824,"relics_obtained":[],"event_choices":[{"damage_healed":0.0,"max_hp_gain":0.0,"max_hp_loss":0.0,"gold_gain":0.0,"event_name":"The Cleric","player_choice":"Leave","floor":7.0,"gold_loss":0.0,"damage_taken":0.0},{"damage_healed":0,"gold_gain":0,"player_choice":"Ignored","damage_taken":0,"max_hp_gain":0,"max_hp_loss":0,"event_name":"Golden Wing","floor":9,"gold_loss":0}],"is_beta":false,"boss_relics":[],"items_purged_floors":[],"is_endless":false,"potions_floor_spawned":[2,4],"ascension_level":0}