{"gold_per_floor":[110,110,110,110,110,110,10,10,33,50,82,82,93,111,111,206,206,226,3,3,17,17,46,57,57,82,114,130,156,169,185,185,185],"floor_reached":33,"playtime":1566,"items_purged":["HollowMod:QuickDashStart"],"score":305,"play_id":"de3f1210-6571-4ef8-b5ba-9a7bb7f907ff","local_time":"20190616235807","is_ascension_mode":false,"campfire_choices":[{"data":"HollowMod:PogoStrike","floor":6.0,"key":"SMITH"},{"data":"HollowMod:GoodIntentions","floor":8.0,"key":"SMITH"},{"data":"HollowMod:NailStrikeStart","floor":12.0,"key":"SMITH"},{"data":"HollowMod:Weaversong","floor":15.0,"key":"SMITH"},{"data":"HollowMod:LifebloodCore","floor":25,"key":"SMITH"},{"data":"HollowMod:SoulShaman","floor":32,"key":"SMITH"}],"neow_cost":"NONE","seed_source_timestamp":411490439777507,"circlet_count":0,"master_deck":["HollowMod:NailStrikeStart","HollowMod:NailStrikeStart","HollowMod:NailStrikeStart+1","HollowMod:QuickDashStart","HollowMod:QuickDashStart","HollowMod:FocusHealStart","HollowMod:PogoStrike+1","HollowMod:SoulStrike+1","HollowMod:BaldurShell","HollowMod:GoodIntentions+1","HollowMod:Weaversong+1","HollowMod:LifebloodCore+1","HollowMod:NewLittleFool","HollowMod:HuntersJournal+1","HollowMod:ShapeofUnn+1","HollowMod:Hiveblood","HollowMod:SoulShaman+1"],"special_seed":0,"relics":["HollowMod:VesselMask","Mercury Hourglass","Lantern","Orichalcum","Sozu","Vajra","Boot","Centennial Puzzle","Regal Pillow","Bottled Tornado","Bottled Lightning"],"potions_floor_usage":[],"damage_taken":[{"damage":1.0,"enemies":"Jaw Worm","floor":1.0,"turns":3.0},{"damage":0.0,"enemies":"2 Louse","floor":10.0,"turns":3.0},{"damage":9.0,"enemies":"3 Sentries","floor":11.0,"turns":8.0},{"damage":0.0,"enemies":"Small Slimes","floor":13.0,"turns":3.0},{"damage":0.0,"enemies":"Looter","floor":14.0,"turns":2.0},{"damage":13.0,"enemies":"Slime Boss","floor":16.0,"turns":8.0},{"damage":0,"enemies":"Spheric Guardian","floor":18,"turns":3},{"damage":0,"enemies":"Chosen","floor":21,"turns":4},{"damage":38,"enemies":"Book of Stabbing","floor":23,"turns":6},{"damage":11,"enemies":"Snecko","floor":24,"turns":5},{"damage":29,"enemies":"Slavers","floor":27,"turns":5},{"damage":0,"enemies":"Centurion and Healer","floor":28,"turns":5},{"damage":26,"enemies":"Gremlin Leader","floor":29,"turns":5},{"damage":4,"enemies":"3 Cultists","floor":30,"turns":5},{"damage":15,"enemies":"Shelled Parasite and Fungi","floor":31,"turns":5},{"damage":95,"enemies":"Collector","floor":33,"turns":11}],"seed_played":"8890223988949358946","potions_obtained":[{"floor":11.0,"key":"Fire Potion"},{"floor":14.0,"key":"AttackPotion"}],"is_trial":false,"path_per_floor":["M","?","?","?","T","R","$","R","T","M","E","R","M","M","R","B",null,"M","$","?","M","T","E","M","R","T","E","M","E","M","M","R","B"],"character_chosen":"THE_BUGKNIGHT","items_purchased":["HollowMod:BaldurShell","HollowMod:GoodIntentions","Vajra"],"campfire_rested":0,"item_purchase_floors":[7,7,19],"current_hp_per_floor":[81,81,86,79,79,79,79,79,79,79,80,80,87,87,87,74,87,87,87,87,87,87,53,52,52,52,33,43,27,47,58,58,0],"gold":185,"neow_bonus":"TEN_PERCENT_HP_BONUS","is_prod":false,"is_daily":false,"chose_seed":false,"campfire_upgraded":6,"win_rate":0.0,"timestamp":1560747487,"path_taken":["M","?","?","?","?","R","$","R","T","M","E","R","M","M","R","BOSS","M","$","?","?","?","E","M","R","T","E","M","E","M","?","R","BOSS"],"build_version":"2019-01-23","purchased_purges":1,"victory":false,"max_hp_per_floor":[82,82,87,87,87,87,87,87,87,87,87,87,87,87,87,87,87,87,87,87,87,87,87,87,87,87,87,87,87,87,87,87,87],"card_choices":[{"not_picked":["HollowMod:CycloneSlash","HollowMod:CornifersMapStart"],"picked":"HollowMod:SoulStrike","floor":1.0},{"not_picked":["HollowMod:CornifersMapStart","HollowMod:PerfectDash","HollowMod:ShadowDash"],"picked":"SKIP","floor":10.0},{"not_picked":["HollowMod:BlackWings","HollowMod:FastStrike","HollowMod:QuirrelsAssistance"],"picked":"SKIP","floor":11.0},{"not_picked":["HollowMod:CoiledNail","HollowMod:BlackWings"],"picked":"HollowMod:Weaversong","floor":13.0},{"not_picked":["HollowMod:BlackTendrils","HollowMod:VengefulVoid","HollowMod:FallenFury"],"picked":"SKIP","floor":14.0},{"not_picked":["HollowMod:MidwifesHunger","HollowMod:NewInfectedGuardian"],"picked":"HollowMod:LifebloodCore","floor":16.0},{"not_picked":["HollowMod:ShadowDash+1","HollowMod:InfectedCysts"],"picked":"HollowMod:NewLittleFool","floor":18},{"not_picked":["HollowMod:BrokenVessel","HollowMod:ShapeofUnn"],"picked":"HollowMod:HuntersJournal+1","floor":21},{"not_picked":["HollowMod:SoulVessel","HollowMod:ChannelNail"],"picked":"HollowMod:ShapeofUnn+1","floor":23},{"not_picked":["HollowMod:FastStrike+1","HollowMod:MawleksShell","HollowMod:QuirrelsAssistance"],"picked":"SKIP","floor":24},{"not_picked":["HollowMod:HeavyBlow","HollowMod:PerfectDash","HollowMod:LifebloodCocoon"],"picked":"SKIP","floor":27},{"not_picked":["HollowMod:ShadowDash","HollowMod:ThornsofAgony+1","HollowMod:ChannelNail"],"picked":"SKIP","floor":28},{"not_picked":["HollowMod:Hiveblood","HollowMod:TaintedHusks","HollowMod:ElderbugsWisdom"],"picked":"SKIP","floor":29},{"not_picked":["HollowMod:TaintedHusks","HollowMod:ElderbugsWisdom"],"picked":"HollowMod:Hiveblood","floor":29},{"not_picked":["HollowMod:InfectionAssault","HollowMod:ShadowDash+1","HollowMod:LifebloodCocoon+1"],"picked":"SKIP","floor":30},{"not_picked":["HollowMod:SoulEater","HollowMod:ThornsofAgony"],"picked":"HollowMod:SoulShaman","floor":31}],"player_experience":26305,"relics_obtained":[{"floor":5.0,"key":"Mercury Hourglass"},{"floor":9.0,"key":"Lantern"},{"floor":11.0,"key":"Orichalcum"},{"floor":22,"key":"Boot"},{"floor":23,"key":"Centennial Puzzle"},{"floor":26,"key":"Regal Pillow"},{"floor":27,"key":"Bottled Tornado"},{"floor":29,"key":"Bottled Lightning"}],"event_choices":[{"damage_healed":0.0,"max_hp_gain":0.0,"max_hp_loss":0.0,"gold_gain":0.0,"event_name":"Living Wall","player_choice":"Grow","floor":2.0,"gold_loss":0.0,"damage_taken":0.0,"cards_upgraded":["HollowMod:SoulStrike"]},{"damage_healed":0.0,"max_hp_gain":5.0,"max_hp_loss":0.0,"gold_gain":0.0,"event_name":"Big Fish","player_choice":"Donut","floor":3.0,"gold_loss":0.0,"damage_taken":0.0},{"cards_removed":["HollowMod:NailStrikeStart"],"damage_healed":0.0,"max_hp_gain":0.0,"max_hp_loss":0.0,"gold_gain":0.0,"event_name":"Golden Wing","player_choice":"Card Removal","floor":4.0,"gold_loss":0.0,"damage_taken":7.0}],"is_beta":false,"boss_relics":[{"not_picked":["Runic Dome","Snecko Eye"],"picked":"Sozu"}],"items_purged_floors":[19],"is_endless":false,"potions_floor_spawned":[11,14,21,27,28],"killed_by":"Collector","ascension_level":0}