{"gold_per_floor":[113,113,125,67,67,67,101,101,180,214,228,228,239,253,253,253],"floor_reached":16,"playtime":1763,"items_purged":[],"score":370,"play_id":"cdbf4ff7-4e56-4266-b83f-4328e459c587","local_time":"20190625135726","is_ascension_mode":true,"campfire_choices":[{"data":"HollowMod:PogoStrike","floor":6,"key":"SMITH"},{"data":"HollowMod:GrimmsGift","floor":8,"key":"SMITH"},{"data":"HollowMod:ShadowDash","floor":15,"key":"SMITH"}],"neow_cost":"","seed_source_timestamp":0,"circlet_count":0,"master_deck":["AscendersBane","HollowMod:NailStrikeStart","HollowMod:NailStrikeStart+1","HollowMod:NailStrikeStart","HollowMod:NailStrikeStart+1","HollowMod:QuickDashStart","HollowMod:QuickDashStart","HollowMod:QuickDashStart","HollowMod:QuickDashStart","HollowMod:FocusHealStart","HollowMod:PogoStrike+1","HollowMod:GrimmsGift+1","HollowMod:WraithStrike+1","HollowMod:ShadowDash+1"],"special_seed":0,"relics":["HollowMod:VesselMask","StoneCalendar","Gremlin Horn","Whetstone"],"potions_floor_usage":[11],"damage_taken":[{"damage":7,"enemies":"Cultist","floor":1,"turns":4},{"damage":0,"enemies":"Small Slimes","floor":3,"turns":1},{"damage":0,"enemies":"3 Sentries","floor":7,"turns":1},{"damage":0,"enemies":"Lagavulin","floor":10,"turns":1},{"damage":0,"enemies":"2 Louse","floor":11,"turns":1},{"damage":0,"enemies":"Blue Slaver","floor":13,"turns":1},{"damage":0,"enemies":"Large Slime","floor":14,"turns":1},{"damage":50,"enemies":"HollowMod:FalseKnight","floor":16,"turns":7}],"seed_played":"-1974687602723386115","potions_obtained":[{"floor":1,"key":"Fire Potion"},{"floor":13,"key":"EssenceOfSteel"},{"floor":14,"key":"SmokeBomb"}],"is_trial":true,"path_per_floor":["M","?","M","$","?","R","E","R","T","E","M","$","M","M","R","B"],"character_chosen":"THE_BUGKNIGHT","items_purchased":["HollowMod:WraithStrike"],"campfire_rested":0,"item_purchase_floors":[4],"current_hp_per_floor":[61,61,61,61,61,61,61,61,61,61,61,61,61,61,61,11],"gold":253,"neow_bonus":"","is_prod":false,"is_daily":false,"chose_seed":false,"campfire_upgraded":3,"win_rate":0.0,"timestamp":1561489046,"path_taken":["M","?","M","$","?","R","E","R","T","E","M","$","M","M","R","BOSS"],"build_version":"2019-01-23","purchased_purges":0,"victory":false,"max_hp_per_floor":[75,75,75,75,75,75,75,75,75,75,75,75,75,75,75,75],"card_choices":[{"not_picked":["HollowMod:SoulEater","HollowMod:SiblingsSouls"],"picked":"HollowMod:GrimmsGift","floor":1},{"not_picked":["HollowMod:ShadowDash","HollowMod:SoulEater","HollowMod:RecoilStrike"],"picked":"SKIP","floor":3},{"not_picked":["HollowMod:MawleksShell","HollowMod:BlackTendrils","HollowMod:LifebloodCocoon"],"picked":"SKIP","floor":7},{"not_picked":["HollowMod:SoulShaman","HollowMod:ShadowDash","HollowMod:InfectedCysts"],"picked":"SKIP","floor":10},{"not_picked":["HollowMod:AbyssShriek","HollowMod:GrimmsGift","HollowMod:ShadowDash"],"picked":"SKIP","floor":11},{"not_picked":["HollowMod:GoodIntentions","HollowMod:VengefulSpirit","HollowMod:CloakDash"],"picked":"SKIP","floor":13},{"not_picked":["HollowMod:DesolateDive","HollowMod:BaldurShell"],"picked":"HollowMod:ShadowDash","floor":14}],"player_experience":28208,"relics_obtained":[{"floor":7,"key":"StoneCalendar"},{"floor":9,"key":"Gremlin Horn"},{"floor":10,"key":"Whetstone"}],"event_choices":[{"damage_healed":0,"gold_gain":0,"player_choice":"Ignored","damage_taken":0,"max_hp_gain":0,"max_hp_loss":0,"event_name":"Golden Wing","floor":2,"gold_loss":0},{"damage_healed":0,"gold_gain":0,"player_choice":"Grow","damage_taken":0,"max_hp_gain":0,"max_hp_loss":0,"event_name":"Living Wall","floor":5,"gold_loss":0,"cards_upgraded":["HollowMod:WraithStrike"]}],"is_beta":false,"boss_relics":[],"items_purged_floors":[],"is_endless":false,"potions_floor_spawned":[1,13,14],"killed_by":"HollowMod:FalseKnight","ascension_level":20}